@inproceedings{schupp2018efficient,
  title={Efficient dynamic error reduction for hybrid systems reachability analysis},
  author={Schupp, Stefan and {\'A}brah{\'a}m, Erika},
  booktitle={International Conference on Tools and Algorithms for the Construction and Analysis of Systems},
  pages={287--302},
  year={2018},
  organization={Springer}
}

@inproceedings{bogomolov2017counterexample,
  title={Counterexample-guided refinement of template polyhedra},
  author={Bogomolov, Sergiy and Frehse, Goran and Giacobbe, Mirco and Henzinger, Thomas A},
  booktitle={International Conference on Tools and Algorithms for the Construction and Analysis of Systems},
  pages={589--606},
  year={2017}
}

@inproceedings{chen2014motor,
  title={Motor-Transmission Drive System: a Benchmark Example for Safety Verification.},
  author={Chen, Hongxu and Mitra, Sayan and Tian, Guangyu},
  booktitle={ARCH@ CPSWeek},
  pages={9--18},
  year={2014}
}

    @inproceedings{archcomp19,
  author    = {Matthias Althoff and Stanley Bak and Marcelo Forets and Goran Frehse and Niklas Kochdumper and Rajarshi Ray and Christian Schilling and Stefan Schupp},
  title     = {ARCH-COMP19 Category Report: Continuous and Hybrid Systems with Linear Continuous Dynamics},
  booktitle = {ARCH19. 6th International Workshop on Applied Verification of Continuous and Hybrid Systems},
  pages     = {14--40},
  year      = {2019}}

    @inproceedings{frehse2013flowpipe,
  title={Flowpipe approximation and clustering in space-time},
  author={Frehse, Goran and Kateja, Rajat and Le Guernic, Colas},
  booktitle={Proceedings of the 16th international conference on Hybrid systems: computation and control},
  pages={203--212},
  year={2013},
  organization={ACM}
}

@inproceedings{hagemann2014reachability,
  title={Reachability analysis of hybrid systems using symbolic orthogonal projections},
  author={Hagemann, Willem},
  booktitle={International Conference on Computer Aided Verification},
  pages={407--423},
  year={2014},
  organization={Springer}
}

@article{tomlin1998conflict,
  title={Conflict resolution for air traffic management: A study in multiagent hybrid systems},
  author={Tomlin, Claire and Pappas, George J and Sastry, Shankar},
  journal={IEEE Transactions on automatic control},
  volume={43},
  number={4},
  pages={509--521},
  year={1998}
}

@article{zhao2014formal,
  title={Formal specification and verification of a coordination protocol for an automated air traffic control system},
  author={Zhao, Yang and Rozier, Kristin Yvonne},
  journal={Science of Computer Programming},
  volume={96},
  pages={337--353},
  year={2014}
  }

@inproceedings{duggirala2014temporal,
  title={Temporal precedence checking for switched models and its application to a parallel landing protocol},
  author={Duggirala, Parasara Sridhar and Wang, Le and Mitra, Sayan and Viswanathan, Mahesh and Mu{\~n}oz, C{\'e}sar},
  booktitle={International Symposium on Formal Methods},
  pages={215--229},
  year={2014}
  }


@inproceedings{johnson2012satellite,
  title={Satellite rendezvous and conjunction avoidance: Case studies in verification of nonlinear hybrid systems},
  author={Johnson, Taylor T and Green, Jeremy and Mitra, Sayan and Dudley, Rachel and Erwin, Richard Scott},
  booktitle={International Symposium on Formal Methods},
  pages={252--266},
  year={2012}
}

@article{pallottino2002conflict,
  title={Conflict resolution problems for air traffic management systems solved with mixed integer programming},
  author={Pallottino, Lucia and Feron, Eric M and Bicchi, Antonio},
  journal={IEEE transactions on intelligent transportation systems},
  volume={3},
  number={1},
  pages={3--11},
  year={2002}
}


@inproceedings{munoz2013tcas,
  title={A TCAS-II resolution advisory detection algorithm},
  author={Munoz, C{\'e}sar and Narkawicz, Anthony and Chamberlain, James},
  booktitle={AIAA Guidance, Navigation, and Control (GNC) Conference},
  pages={4622},
  year={2013}
}



@inproceedings{kvasnica2004multi,
  title={Multi-parametric toolbox (MPT)},
  author={Kvasnica, Michal and Grieder, Pascal and Baoti{\'c}, Mato and Morari, Manfred},
  booktitle={International Workshop on Hybrid Systems: Computation and Control},
  pages={448--462},
  year={2004},
  organization={Springer}
}

@inproceedings{jeannin2015formally,
  title={A formally verified hybrid system for the next-generation airborne collision avoidance system},
  author={Jeannin, Jean-Baptiste and Ghorbal, Khalil and Kouskoulas, Yanni and Gardner, Ryan and Schmidt, Aurora and Zawadzki, Erik and Platzer, Andr{\'e}},
  booktitle={International Conference on Tools and Algorithms for the Construction and Analysis of Systems},
  pages={21--36},
  year={2015},
  organization={Springer}
}


@article{croomes2006overview,
  title={Overview of the DART mishap investigation results},
  author={Croomes, S},
  journal={NASA Report},
  pages={1--10},
  year={2006}
}

@article{wh1960terminal,
  title={Terminal guidance system for satellite rendezvous},
  author={WH Clohessy},
  journal={Journal of the Aerospace Sciences},
  volume={27},
  number={9},
  pages={653--658},
  year={1960}
}

@inproceedings{chan2017verifying,
  author    = {Nicole Chan and Sayan Mitra},
  title     = {Verifying safety of an autonomous spacecraft rendezvous mission},
  booktitle = {ARCH17. 4th International Workshop on Applied Verification of Continuous and Hybrid Systems},
  year      = {2017},
  publisher = {EasyChair},
  bibsource = {EasyChair, https://easychair.org},
  issn      = {2398-7340},}

@inproceedings{jewison2016spacecraft,
  title={A spacecraft benchmark problem for hybrid control and estimation},
  author={Jewison, Christopher and Erwin, R Scott},
  booktitle={Decision and Control (CDC), 2016 IEEE 55th Conference on},
  pages={3300--3305},
  year={2016}
}

@inproceedings{archcomp18linear,
  author    = {Matthias Althoff and Stanley Bak and Xin Chen and Chuchu Fan and Marcelo Forets and Goran Frehse and Niklas Kochdumper and Yangge Li and Sayan Mitra and Rajarshi Ray and Christian Schilling and Stefan Schupp},
  title     = {ARCH-COMP18 Category Report: Continuous and Hybrid Systems with Linear Continuous Dynamics},
  booktitle = {ARCH18. 5th International Workshop on Applied Verification of Continuous and Hybrid Systems},
  volume    = {54},
  pages     = {23--52},
  year      = {2018}}

    @inproceedings{gilbert1989new,
  title={A new algorithm for detecting the collision of moving objects},
  author={Gilbert, Elmer G and Hong, SM},
  booktitle={Robotics and Automation, 1989. Proceedings., 1989 IEEE International Conference on},
  pages={8--14},
  year={1989},
  organization={IEEE}
}

    @inproceedings{del1992new,
  title={A new representation for collision avoidance and detection},
  author={Del Pobil, Angel P and Serna, Miguel A and Llovet, Juan},
  booktitle={Robotics and Automation, 1992. Proceedings., 1992 IEEE International Conference on},
  pages={246--251},
  year={1992},
  organization={IEEE}
}

    @inproceedings{foisy1994safe,
  title={A safe swept volume method for collision detection},
  author={Foisy, A and Hayward, V},
  booktitle={International Symposium of Robotics Research},
  pages={62--68},
  year={1994}
}

    @article{jimenez20013d,
  title={3D collision detection: a survey},
  author={Jim{\'e}nez, Pablo and Thomas, Federico and Torras, Carme},
  journal={Computers \& Graphics},
  volume={25},
  number={2},
  pages={269--285},
  year={2001},
  publisher={Elsevier}
}

    @techreport{gottschalk1996separating,
  title={Separating axis theorem},
  author={Gottschalk, Stefan},
  year={1996},
  institution={Technical Report TR96-024, Department of Computer Science, UNC Chapel Hill}
}

    @inproceedings{vallado2008sgp4,
  title={SGP4 orbit determination},
  author={Vallado, David and Crawford, Paul},
  booktitle={AIAA/AAS Astrodynamics Specialist Conference and Exhibit},
  pages={6770},
  year={2008}
}

    @inproceedings{bourse2014balanced,
  title={Balanced graph edge partition},
  author={Bourse, Florian and Lelarge, Marc and Vojnovic, Milan},
  booktitle={Proceedings of the 20th ACM SIGKDD international conference on Knowledge discovery and data mining},
  pages={1456--1465},
  year={2014},
  organization={ACM}
}

    @inproceedings{gonzalez2012powergraph,
  title={Powergraph: distributed graph-parallel computation on natural graphs.},
  author={Gonzalez, Joseph E and Low, Yucheng and Gu, Haijie and Bickson, Danny and Guestrin, Carlos},
  booktitle={OSDI},
  volume={12},
  number={1},
  pages={2},
  year={2012}
}

    @inproceedings{duggirala2016msc,
    author          =       {Parasara Sridhar Duggirala and Chuchu Fan and Matthew Potok and Bolun Qi and Sayan Mitra and Mahesh Viswanathan and Stanley Bak and Sergiy Bogomolov and Taylor T. Johnson and Luan Viet Nguyen and Christian Schilling and Andrew Sogokon and Hoang-Dung Tran and Weiming Xiang},
    title           =       {Tutorial: Software Tools for Hybrid Systems Verification, Transformation, and Synthesis: C2E2, HyST, and TuLiP},
    year            =       {2016},
    booktitle       =       {Proceedings of the Multi-Conference on Systems and Control},
    publisher = {IEEE},
}

    @inproceedings{redon2002fast,
  title={Fast continuous collision detection between rigid bodies},
  author={Redon, St{\'e}phane and Kheddar, Abderrahmane and Coquillart, Sabine},
  booktitle={Computer graphics forum},
  volume={21},
  number={3},
  pages={279--287},
  year={2002},
  organization={Wiley Online Library}
}

    @inproceedings{gottschalk1996obbtree,
  title={OBBTree: A hierarchical structure for rapid interference detection},
  author={Gottschalk, Stefan and Lin, Ming C and Manocha, Dinesh},
  booktitle={Proceedings of the 23rd annual conference on Computer graphics and interactive techniques},
  pages={171--180},
  year={1996},
  organization={ACM}
}

    @article{aabb,
  title={Efficient collision detection of complex deformable models using AABB trees},
  author={Bergen, Gino van den},
  journal={Journal of graphics tools},
  volume={2},
  number={4},
  pages={1--13},
  year={1997},
  publisher={Taylor \& Francis}
}

    @article{urmson2004high,
  title={High speed navigation of unrehearsed terrain: Red team technology for grand challenge 2004},
  author={Urmson, Christopher and Anhalt, Joshua and Clark, Michael and Galatali, Tugrul and Gonzalez, Juan Pablo and Gowdy, Jay and Gutierrez, Alexander and Harbaugh, Sam and Johnson-Roberson, Matthew and Kato, Hiroki and others},
  journal={Robotics Institute, Carnegie Mellon University, Pittsburgh, PA, Tech. Rep. CMU-RI-TR-04-37},
  year={2004}
}

    @inproceedings{hobbs2018arch,
  author    = {Kerianne Hobbs and Peter Heidlauf and Alexander Collins and Stanley Bak},
  title     = {Space Debris Collision Detection using Reachability},
  booktitle = {5th International Workshop on Applied Verification of Continuous and Hybrid Systems},
  series    = {EPiC Series in Computing},
  year      = {2018},
  publisher = {EasyChair},
}

@inproceedings{chan17arch,
  author    = {Nicole Chan and Sayan Mitra},
  title     = {Verifying safety of an autonomous spacecraft rendezvous mission},
  booktitle = {ARCH17. 4th International Workshop on Applied Verification of Continuous and Hybrid Systems},
  editor    = {Goran Frehse and Matthias Althoff},
  series    = {EPiC Series in Computing},
  volume    = {48},
  year      = {2017},
  publisher = {EasyChair},
  bibsource = {EasyChair, https://easychair.org},
  issn      = {2398-7340},
  url       = {https://easychair.org/publications/paper/S2V},
  doi       = {10.29007/thb4}}


@inproceedings{homchaudhuri2016computing,
  title={Computing reach-avoid sets for space vehicle docking under continuous thrust},
  author={HomChaudhuri, Baisravan and Oishi, Meeko and Shubert, Matt and Baldwin, Morgan and Erwin, R Scott},
  booktitle={Decision and Control (CDC), 2016 IEEE 55th Conference on},
  pages={3312--3318},
  year={2016},
  organization={IEEE}
}

@book{jaulin2001applied,
  title={Applied interval analysis: with examples in parameter and state estimation, robust control and robotics},
  author={Jaulin, Luc},
  volume={1},
  year={2001},
  publisher={Springer Science \& Business Media}
}

@article{bergen1997efficient,
  title={Efficient collision detection of complex deformable models using AABB trees},
  author={Bergen, Gino van den},
  journal={Journal of Graphics Tools},
  volume={2},
  number={4},
  pages={1--13},
  year={1997},
  publisher={Taylor \& Francis}
}

@msthesis{green2012compositional,
  title={Compositional bounded reachability using time partitioning and abstraction},
  author={Green, Jeremy},
  year={2012}
}

@inproceedings{ARCH17:ARCH_COMP17_Category_Report_Continuous,
  author    = {Xin Chen and Matthias Althoff and Fabian Immler},
  title     = {ARCH-COMP17 Category Report: Continuous Systems with Nonlinear Dynamics},
  booktitle = {ARCH17. 4th International Workshop on Applied Verification of Continuous and Hybrid Systems},
  editor    = {Goran Frehse and Matthias Althoff},
  series    = {EPiC Series in Computing},
  volume    = {48},
  pages     = {160--169},
  year      = {2017},
  publisher = {EasyChair},
  bibsource = {EasyChair, http://www.easychair.org},
  issn      = {2398-7340},
  url       = {https://easychair.org/publications/paper/sr6},
  doi       = {10.29007/v6g4}}

@article{sidje1998expokit,
  title={Expokit: a software package for computing matrix exponentials},
  author={Sidje, Roger B},
  journal={ACM Transactions on Mathematical Software (TOMS)},
  volume={24},
  number={1},
  pages={130--156},
  year={1998},
  publisher={ACM}
}

@article{al2011computing,
  title={Computing the action of the matrix exponential, with an application to exponential integrators},
  author={Al-Mohy, Awad H and Higham, Nicholas J},
  journal={SIAM journal on scientific computing},
  volume={33},
  number={2},
  pages={488--511},
  year={2011},
  publisher={SIAM}
}

@inproceedings{bogomolov2018hscc,
  title={Reach Set Approximation through Decomposition with Low-dimensional Sets and High-dimensional Matrices},
  author={Bogomolov, Sergiy and Forets, Marcelo and Frehse, Goran and Podelski, Andreas and Schilling, Christian and Viry, Fr{\'e}d{\'e}ric},
  booktitle={Proceedings of the 21st International Conference on Hybrid Systems: Computation and Control},
  year={2018},
  organization={ACM}
}

@article{althoff2017reachability,
  title={Reachability Analysis of Large Linear Systems with Uncertain Inputs in the Krylov Subspace},
  author={Althoff, Matthias},
  journal={arXiv preprint arXiv:1712.00369},
  year={2017}
}

@inproceedings{rizk2008continuous,
  title={On a continuous degree of satisfaction of temporal logic formulae with applications to systems biology},
  author={Rizk, Aur{\'e}lien and Batt, Gr{\'e}gory and Fages, Fran{\c{c}}ois and Soliman, Sylvain},
  booktitle={International Conference on Computational Methods in Systems Biology},
  pages={251--268},
  year={2008},
  organization={Springer}
}

@inproceedings{donze2010breach,
  title={Breach, a toolbox for verification and parameter synthesis of hybrid systems},
  author={Donz{\'e}, Alexandre},
  booktitle={International Conference on Computer Aided Verification},
  pages={167--170},
  year={2010},
  organization={Springer}
}

@inproceedings{annpureddy2011s,
  title={S-taliro: A tool for temporal logic falsification for hybrid systems},
  author={Annpureddy, Yashwanth and Liu, Che and Fainekos, Georgios and Sankaranarayanan, Sriram},
  booktitle={International Conference on Tools and Algorithms for the Construction and Analysis of Systems},
  pages={254--257},
  year={2011},
  organization={Springer}
}

@article{girard2011approximate,
  title={Approximate bisimulation: A bridge between computer science and control theory},
  author={Girard, Antoine and Pappas, George J},
  journal={European Journal of Control},
  volume={17},
  number={5},
  pages={568--578},
  year={2011},
  publisher={Elsevier}
}

@article{girard2007approximation,
  title={Approximation metrics for discrete and continuous systems},
  author={Girard, Antoine and Pappas, George J},
  journal={Automatic Control, IEEE Transactions on},
  volume={52},
  number={5},
  pages={782--798},
  year={2007},
  publisher={IEEE}
}


@ARTICLE{Antoulas01asurvey,
    author = {A. C. Antoulas and D. C. Sorensen and S. Gugercin},
    title = {A survey of model reduction methods for large-scale systems},
    journal = {Contemporary Mathematics},
    year = {2001},
    volume = {280},
    pages = {193--219}
}

@article{chahlaoui2002collection,
  title={A collection of benchmark examples for model reduction of linear time invariant dynamical systems.},
  author={Chahlaoui, Younes and Van Dooren, Paul},
  year={2002},
  publisher={Niconet}
}

@inproceedings{tran2016large,
  title={Large-scale linear systems from order-reduction (benchmark proposal)},
  author={Tran, Hoang-Dung and Nguyen, Luan Viet and Johnson, Taylor T},
  booktitle={3rd Applied Verification for Continuous and Hybrid Systems Workshop (ARCH), Vienna, Austria},
  year={2016}
}


@article{tran2017order,
  title={Order-Reduction Abstractions for Safety Verification of High-Dimensional Linear Systems},
  author={Tran, Hoang-Dung and Nguyen, Luan Viet and Xiang, Weiming and Johnson, Taylor T},
  journal={Discrete Event Dynamic Systems, Special Issues on Formal Method in Control, to appear},
	year = {2017},
	publisher={Springer}
}

@phdthesis{han2005formal,
  title={Formal verification of hybrid systems using model order reduction and decomposition},
  author={Han, Zhi},
  year={2005},
  school={Dept. of ECE, Carnegie Mellon University}
}

@INPROCEEDINGS{han2004reachability,
  title={Reachability analysis of hybrid control systems using reduced-order models},
  author={Han, Zhi and Krogh, Bruce},
  booktitle={American Control Conference, 2004. Proceedings of the 2004},
  volume={2},
  pages={1183--1189},
  year={2004},
  organization={IEEE}
}

@inproceedings{duggirala2015c2e2,
  title={{C2E2}: a verification tool for stateflow models},
  author={Duggirala, Parasara Sridhar and Mitra, Sayan and Viswanathan, Mahesh and Potok, Matthew},
  booktitle={International Conference on Tools and Algorithms for the Construction and Analysis of Systems},
  pages={68--82},
  year={2015},
  organization={Springer}
}

@book{farlow1993partial,
  title={Partial differential equations for scientists and engineers},
  author={Farlow, Stanley J},
  year={1993},
  publisher={Courier Corporation}
}

@article{gallopoulos1992efficient,
  title={Efficient solution of parabolic equations by Krylov approximation methods},
  author={Gallopoulos, Efstratios and Saad, Yousef},
  journal={SIAM Journal on Scientific and Statistical Computing},
  volume={13},
  number={5},
  pages={1236--1264},
  year={1992},
  publisher={SIAM}
}

@book{lotov2013interactive,
  title={Interactive decision maps: Approximation and visualization of Pareto frontier},
  author={Lotov, Alexander V and Bushenkov, Vladimir A and Kamenev, Georgy K},
  volume={89},
  year={2013},
  publisher={Springer Science \& Business Media}
}

@article{hochbruck1997krylov,
  title={On Krylov subspace approximations to the matrix exponential operator},
  author={Hochbruck, Marlis and Lubich, Christian},
  journal={SIAM Journal on Numerical Analysis},
  volume={34},
  number={5},
  pages={1911--1925},
  year={1997},
  publisher={SIAM}
}

@article{bansal2017hamilton,
  title={Hamilton-{J}acobi Reachability: A Brief Overview and Recent Advances},
  author={Bansal, Somil and Chen, Mo and Herbert, Sylvia and Tomlin, Claire J},
  journal={arXiv preprint arXiv:1709.07523},
  year={2017}
}

@inproceedings{fan2016automatic,
  title={Automatic reachability analysis for nonlinear hybrid models with {C2E2}},
  author={Fan, Chuchu and Qi, Bolun and Mitra, Sayan and Viswanathan, Mahesh and Duggirala, Parasara Sridhar},
  booktitle={International Conference on Computer Aided Verification},
  pages={531--538},
  year={2016},
  organization={Springer}
}

@inproceedings{chou2017study,
  title={A Study of Model-Order Reduction Techniques for Verification},
  author={Chou, Yi and Chen, Xin and Sankaranarayanan, Sriram},
  booktitle={International Workshop on Numerical Software Verification},
  pages={98--113},
  year={2017},
  organization={Springer}
}

@inproceedings{mitchell2000level,
  title={Level set methods for computation in hybrid systems},
  author={Mitchell, Ian and Tomlin, Claire},
  booktitle={HSCC},
  volume={1790},
  pages={310--323},
  year={2000},
  organization={Springer}
}

@inproceedings{chen2015benchmark,
  title={A benchmark suite for hybrid systems reachability analysis},
  author={Chen, Xin and Schupp, Stefan and Makhlouf, Ibtissem Ben and {\'A}brah{\'a}m, Erika and Frehse, Goran and Kowalewski, Stefan},
  booktitle={NASA Formal Methods Symposium},
  pages={408--414},
  year={2015},
  organization={Springer}
}

@inproceedings{fan2015bounded,
  title={Bounded verification with on-the-fly discrepancy computation},
  author={Fan, Chuchu and Mitra, Sayan},
  booktitle={International Symposium on Automated Technology for Verification and Analysis},
  pages={446--463},
  year={2015},
  organization={Springer}
}

@inproceedings{maler1991hybrid,
  title={From timed to hybrid systems},
  author={Maler, Oded and Manna, Zohar and Pnueli, Amir},
  booktitle={Workshop/School/Symposium of the REX Project (Research and Education in Concurrent Systems)},
  pages={447--484},
  year={1991},
  organization={Springer}
}

@incollection{alur1993hybrid,
  title={Hybrid automata: An algorithmic approach to the specification and verification of hybrid systems},
  author={Alur, Rajeev and Courcoubetis, Costas and Henzinger, Thomas A and Ho, Pei-Hsin},
  booktitle={Hybrid systems},
  pages={209--229},
  year={1993},
  publisher={Springer}
}

@inproceedings{althoff2012avoiding,
  title={Avoiding geometric intersection operations in reachability analysis of hybrid systems},
  author={Althoff, Matthias and Krogh, Bruce H},
  booktitle={Proceedings of the 15th ACM international conference on Hybrid Systems: Computation and Control},
  pages={45--54},
  year={2012},
  organization={ACM}
}

@inproceedings{prabhakar2009verifying,
  title={Verifying tolerant systems using polynomial approximations},
  author={Prabhakar, Pavithra and Vladimerou, Vladimeros and Viswanathan, Mahesh and Dullerud, Geir E},
  booktitle={Real-Time Systems Symposium, 2009, RTSS 2009. 30th IEEE},
  pages={181--190},
  year={2009},
  organization={IEEE}
}

@inproceedings{girard2006efficient,
  title={Efficient computation of reachable sets of linear time-invariant systems with inputs},
  author={Girard, Antoine and Le Guernic, Colas and Maler, Oded},
  booktitle={International Workshop on Hybrid Systems: Computation and Control},
  pages={257--271},
  year={2006},
  organization={Springer}
}

@inproceedings{bak2017tacas,
  title={Rigorous simulation-based analysis of linear hybrid systems},
  author={Bak, Stanley and Duggirala, Parasara Sridhar},
  booktitle={International Conference on Tools and Algorithms for the Construction and Analysis of Systems},
  year={2017},
  organization={Springer}
}

@article{cuda,
  title={Scalable parallel programming with CUDA},
  author={Nickolls, John and Buck, Ian and Garland, Michael and Skadron, Kevin},
  journal={Queue},
  volume={6},
  number={2},
  pages={40--53},
  year={2008},
  publisher={ACM}
}

@misc{cusp,
  author = "Steven Dalton and Nathan Bell and Luke Olson and Michael Garland",
  title = "Cusp: Generic Parallel Algorithms for Sparse Matrix and Graph Computations",
  year = "2014",
  url = "http://cusplibrary.github.io/",
  note = "Version 0.5.1"
}

@article{arnoldi1951principle,
  title={The principle of minimized iterations in the solution of the matrix eigenvalue problem},
  author={Arnoldi, Walter Edwin},
  journal={Quarterly of applied mathematics},
  volume={9},
  number={1},
  pages={17--29},
  year={1951}
}

@inproceedings{gallopoulos1989parallel,
  title={On the parallel solution of parabolic equations},
  author={Gallopoulos, Efstratios and Saad, Yousef},
  booktitle={Proceedings of the 3rd international conference on Supercomputing},
  year={1989},
  organization={ACM}
}

@inproceedings{han2006reachability,
  title={Reachability analysis of large-scale affine systems using low-dimensional polytopes},
  author={Han, Zhi and Krogh, Bruce H},
  booktitle={HSCC},
  volume={6},
  pages={287--301},
  year={2006},
  organization={Springer}
}

@inproceedings{althoff2017arch,
  author    = {Matthias Althoff and Stanley Bak and Dario Cattaruzza and Xin Chen and Goran Frehse and Rajarshi Ray and Stefan Schupp},
  title     = {{ARCH-COMP} '17 Category Report: Continuous and Hybrid Systems with Linear Continuous Dynamics},
  booktitle = {4th International Workshop on Applied Verification of Continuous and Hybrid Systems},
  series    = {EPiC Series in Computing},
  year      = {2017},
  publisher = {EasyChair},
}

@article{ray16vertex_enumeration,
  author    = {Amit Gurung and
               Rajarshi Ray},
  title     = {An Efficient Algorithm for Vertex Enumeration of Two-Dimensional Projection
               of Polytopes},
  journal   = {CoRR},
  volume    = {abs/1611.10059},
  year      = {2016},
  url       = {http://arxiv.org/abs/1611.10059},
  timestamp = {Wed, 07 Jun 2017 14:42:59 +0200},
  biburl    = {http://dblp.uni-trier.de/rec/bib/journals/corr/GurungR16a},
  bibsource = {dblp computer science bibliography, http://dblp.org}
}

@book{butcher1987numerical,
  title={The numerical analysis of ordinary differential equations: Runge-Kutta and general linear methods},
  author={Butcher, John Charles},
  year={1987},
  publisher={Wiley-Interscience}
}

@article{moler2003nineteen,
  title={Nineteen dubious ways to compute the exponential of a matrix, twenty-five years later},
  author={Moler, Cleve and Van Loan, Charles},
  journal={SIAM review},
  volume={45},
  number={1},
  pages={3--49},
  year={2003},
  publisher={SIAM}
}

@article{chinneck2006practical,
  title={Practical optimization: a gentle introduction},
  author={Chinneck, John W},
  journal={Systems and Computer Engineering},
  address = {Carleton University, Ottawa},
  url = {http://www.sce.carleton.ca/faculty/chinneck/po.html},
  year={2006}
}

@inproceedings{bak2017hscc,
  title={Hylaa: A tool for computing simulation-equivalent reachability for linear systems},
  author={Bak, Stanley and Duggirala, Parasara Sridhar},
  booktitle={Proceedings of the 20th International Conference on Hybrid Systems: Computation and Control},
  year={2017},
  organization={ACM}
}

@inproceedings{bak2017arch,
  author    = {Stanley Bak and Parasara Sridhar Duggirala},
  title     = {Direct Verification of Linear Systems with over 10000 Dimensions},
  booktitle = {4th International Workshop on Applied Verification of Continuous and Hybrid Systems},
  series    = {EPiC Series in Computing},
  year      = {2017},
  publisher = {EasyChair},
}

@inproceedings{duggirala2016parsimonious,
  title={Parsimonious, simulation based verification of linear systems},
  author={Duggirala, Parasara Sridhar and Viswanathan, Mahesh},
  booktitle={International Conference on Computer Aided Verification},
  pages={477--494},
  year={2016},
  organization={Springer}
}

@inproceedings{bak2016hscc,
 author = {Bak, Stanley and Bogomolov, Sergiy and Henzinger, Thomas A. and Johnson, Taylor T. and Prakash, Pradyot},
 title = {Scalable Static Hybridization Methods for Analysis of Nonlinear Systems},
 booktitle = {International Conference on Hybrid Systems: Computation and Control},
 year = {2016},
 location = {Vienna, Austria},
 numpages = {10},
 url = {http://doi.acm.org/10.1145/2883817.2883837},
 doi = {10.1145/2883817.2883837},
 acmid = {2883837},
 keywords = {abstraction, hybrid systems, hybridization, reachability, simulation, verification},
} 

@inproceedings{bak2017cav,
  title={Simulation-Equivalent Reachability of Large Linear Systems with Inputs},
  author={Bak, Stanley and Duggirala, Parasara Sridhar},
  booktitle={Proceedings of the 29th International Conference on Computer Aided Verification},
  year={2017},
  organization={Springer}
}

@inproceedings{hypy,
  title={High-level Hybrid Systems Analysis with Hypy},
  author={Bak, Stanley and Bogomolov, Sergiy and Schilling, Christian},
  booktitle={ARCH’16: Proc. of the 3rd Workshop on Applied Verification for Continuous and Hybrid Systems},
  year={2016}
}

@Inbook{chen2015,
author="Chen, Xin
and Schupp, Stefan
and Makhlouf, Ibtissem Ben
and {\'A}brah{\'a}m, Erika
and Frehse, Goran
and Kowalewski, Stefan",
editor="Havelund, Klaus
and Holzmann, Gerard
and Joshi, Rajeev",
title="A Benchmark Suite for Hybrid Systems Reachability Analysis",
bookTitle="NASA Formal Methods: 7th International Symposium, NFM 2015, Pasadena, CA, USA, April 27-29, 2015, Proceedings",
year="2015",
publisher="Springer International Publishing",
address="Cham",
pages="408--414",
isbn="978-3-319-17524-9",
doi="10.1007/978-3-319-17524-9_29",
url="http://dx.doi.org/10.1007/978-3-319-17524-9_29"
}

@misc{spaceex_heli,
  author = "Verimag",
  title = "Helicopter Example posted",
  year="2011",
  howpublished = "\url{http://spaceex.imag.fr/news/helicopter-example-posted-39}"
}

@Inbook{fehnker2004,
author="Fehnker, Ansgar
and Ivan{\v{c}}i{\'{c}}, Franjo",
editor="Alur, Rajeev
and Pappas, George J.",
title="Benchmarks for Hybrid Systems Verification",
bookTitle="Hybrid Systems: Computation and Control: 7th International Workshop, HSCC 2004, Philadelphia, PA, USA, March 25-27, 2004. Proceedings",
year="2004",
publisher="Springer Berlin Heidelberg",
address="Berlin, Heidelberg",
pages="326--341",
isbn="978-3-540-24743-2",
doi="10.1007/978-3-540-24743-2_22",
url="http://dx.doi.org/10.1007/978-3-540-24743-2_22"
}


@InProceedings{bak2015hscc,
  Title                    = {{HyST}: A Source Transformation and Translation Tool for Hybrid Automaton Models},
  Author                   = {Stanley Bak and Sergiy Bogomolov and Taylor T. Johnson},
  Booktitle                = {18th International Conference on Hybrid Systems: Computation and Control},
  Year                     = {2015},
  Month                    = apr,
  Publisher                = {ACM},
  comment                  = {Hyst software tool},
  pdf = {http://www.taylortjohnson.com/research/bak2015hscc.pdf},
  software = {http://verivital.com/hyst/},
  Owner                    = {tjohnson},
  Timestamp                = {2014.12.20}
}

@article{azuma2010lebesgue,
  title={Lebesgue piecewise affine approximation of nonlinear systems},
  author={Azuma, Shun-ichi and Imura, Jun-ichi and Sugie, Toshiharu},
  journal={Nonlinear Analysis: Hybrid Systems},
  volume={4},
  number={1},
  pages={92--102},
  year={2010},
  publisher={Elsevier}
}

@ARTICLE{althoff14_online_journal, 
author={Althoff, M. and Dolan, J.M.}, 
journal={Robotics, IEEE Transactions on}, 
title={Online Verification of Automated Road Vehicles Using Reachability Analysis}, 
year={2014}, 
volume={30}, 
number={4}, 
pages={903-918}, 
doi={10.1109/TRO.2014.2312453}, 
ISSN={1552-3098}, 
month={Aug},}

@INPROCEEDINGS{althoff11_online_conference, 
author={Althoff, M. and Dolan, J.M.}, 
booktitle={Intelligent Transportation Systems (ITSC), 2011 14th International IEEE Conference on}, 
title={Set-based computation of vehicle behaviors for the online verification of autonomous vehicles}, 
year={2011}, 
ISSN={2153-0009}, 
month={Oct},}

@INPROCEEDINGS{han06_tplm, 
author={Zhi Han and Krogh, B.H.}, 
booktitle={American Control Conference, 2006}, 
title={Reachability analysis of nonlinear systems using trajectory piecewise linearized models}, 
year={2006}, 
pages={6 pp.-}, 
keywords={linearisation techniques;nonlinear dynamical systems;piecewise linear techniques;reachability analysis;electric power network;nonlinear dynamic systems;reachability analysis;trajectory piecewise linearized models;transient stability;Control system synthesis;Formal verification;Linear systems;Nonlinear dynamical systems;Nonlinear systems;Power generation;Power system modeling;Reachability analysis;Stability;State-space methods}, 
doi={10.1109/ACC.2006.1656431}, 
month={June},}

@INPROCEEDINGS{puri95_epsilon, 
author={Puri, A. and Varaiya, P. and Borkar, V.}, 
booktitle={Proceedings of the 34th IEEE Conference on Decision and Control}, 
title={$\epsilon$-approximation of differential inclusions}, 
year={1995}, 
volume={3}, 
month={Dec},}

@phdthesis{le2009reachability,
  title={Reachability analysis of hybrid systems with linear continuous dynamics},
  author={Le Guernic, Colas},
  year={2009},
  school={Universit{\'e} Joseph-Fourier-Grenoble I}
}

@article{le2010reachability,
  title={Reachability analysis of linear systems using support functions},
  author={Le Guernic, Colas and Girard, Antoine},
  journal={Nonlinear Analysis: Hybrid Systems},
  volume={4},
  number={2},
  pages={250--262},
  year={2010},
  publisher={Elsevier}
}

@inproceedings{girard2008efficient,
  title={Efficient reachability analysis for linear systems using support functions},
  author={Girard, Antoine and Le Guernic, Colas and others},
  booktitle={Proc. of the 17th IFAC World Congress},
  pages={8966--8971},
  year={2008}
}

@INPROCEEDINGS{kloetzer06,
    author = {Marius Kloetzer and Calin Belta},
    title = {Reachability analysis of multi-affine systems},
    booktitle = {},
    year = {2006},
    pages = {348--362},
    publisher = {Springer}
}

@INPROCEEDINGS{puri94,
    author = {Anuj Puri and Pravin Varaiya},
    title = {Verification of Hybrid Systems using Abstractions},
    booktitle = {Hybrid Systems II},
    series = {LNCS},
    year = {1994},
    pages = {359--369},
    publisher = {Springer}
}

@inproceedings{althoff12_avoiding,
  author    = {Matthias Althoff and
               Bruce H. Krogh},
  title     = {Avoiding geometric intersection operations in reachability analysis
               of hybrid systems},
  booktitle = {Hybrid Systems: Computation and Control,
               HSCC'12, Beijing, China, April 17-19, 2012},
  pages     = {45--54},
  year      = {2012},
	url       = {http://doi.acm.org/10.1145/2185632.2185643},
  doi       = {10.1145/2185632.2185643},
  timestamp = {Tue, 08 May 2012 09:12:18 +0200},
  biburl    = {http://dblp.uni-trier.de/rec/bib/conf/hybrid/AlthoffK12},
  bibsource = {dblp computer science bibliography, http://dblp.org}
}

@incollection{dang06_polynomial,
year={2006},
isbn={978-3-540-33170-4},
booktitle={Hybrid Systems: Computation and Control},
series={Lecture Notes in Computer Science},
editor={Hespanha, JoaoP. and Tiwari, Ashish},
doi={10.1007/11730637_13},
title={Approximate Reachability Computation for Polynomial Systems},
url={http://dx.doi.org/10.1007/11730637_13},
publisher={Springer Berlin Heidelberg},
author={Dang, Thao},
language={English}
}

@book{interval_analysis_book,
   title = "Applied interval analysis : with examples in parameter and state estimation, robust control and robotics",
   author = "Jaulin, Luc and Kieffer, Michel and Didrit, Olivier",
   publisher = "Springer",
   address = "London",
   url = "http://opac.inria.fr/record=b1097265",
   isbn = "1-85233-219-0",
    year = 2001
}

@MISC{dang12_bernstein,
    author = {Thao Dang and Romain Testylier},
    title = {Reachability analysis for polynomial dynamical systems using the {B}ernstein expansion},
    year = {2012}
}

@misc{ hyst_website,
  author = "Stanley Bak and Sergiy Bogomolov and Taylor Johnson",
  title = "Hyst Website",
  year="2013",
  howpublished = "\url{http://verivital.uta.edu/hyst/}"
}

@misc{ flowstar_manual,
	author = "Xin Chen",
  title = "User's Manual of {Flow*} v1.2.0",
  year=2013,
  howpublished = "\url{http://www-i2.informatik.rwth-aachen.de/i2/fileadmin/user\_upload/documents/HybridSystemsGroup/chen/manual-1.2.0.pdf}"
  }

@book{system_id_book,
 editor = {S\"{o}derstr\"{o}m, T. and Stoica, P.},
 title = {System Identification},

 year = {1988},
 isbn = {0-138-81236-5},
 publisher = {Prentice-Hall, Inc.},
 address = {Upper Saddle River, NJ, USA},
} 

@inproceedings{bak14_pseudo_invariants, 
title = {Reducing the wrapping effect in flowpipe construction using pseudo-invariants}, 
author = {Stanley Bak}, 
booktitle = {4th ACM SIGBED International Workshop on Design, Modeling, and Evaluation of Cyber-Physical Systems (CyPhy 2014)}, 
pages = {40--43},
 isbn = {978-1-4503-2871-5},
 year = {2014}, }

@article{chen_rtss2014_flowstar,
author = {Xin Chen and Erika Abraham and Sriram Sankaranarayanan},
title = {Taylor Model Flowpipe Construction for Non-linear Hybrid Systems},
journal ={Real-Time Systems Symposium},
issn = {1052-8725},
year = {2012},
doi = {http://doi.ieeecomputersociety.org/10.1109/RTSS.2012.70},
publisher = {IEEE Computer Society},
address = {Los Alamitos, CA, USA},
}

@ARTICLE{Neher_ontaylor07,
    author = {M. Neher and K. R. Jackson and N. S. Nedialkov},
    title = {On Taylor model based integration of ODEs},
    journal = {SIAM J. Numer. Anal},
    year = {},
    volume = {45},
    pages = {2007}
}

@PHDTHESIS{stauning_phdthesis97,
    author       = "O. Stauning",
    title        = "Automatic validation of numerical solutions",
    year         = "1997",
    pages        = "116",
    school       = "Informatics and Mathematical Modelling, Technical University of Denmark, {DTU}",
    address      = "Richard Petersens Plads, Building 321, {DK-}2800 Kgs. Lyngby",
    type         = "",
}

@phdthesis{bak13_phdthesis,
	author		=	{Stanley Bak},
	title		=	{Verifiable COTS-based cyber-physical systems},
	school		=	{University of Illinois at Urbana-Champaign},
	address		=	{Urbana, IL 61801, USA},
	month		=	May,
	year		=	2013,
}

@INPROCEEDINGS{li12, 
author={Tao Li and Feng Tan and Qixin Wang and Lei Bu and Jian-Nong Cao and Xue Liu}, 
booktitle={2012 IEEE/ACM Third International Conference on Cyber-Physical Systems (ICCPS)}, 
title={From Offline toward Real-Time: A Hybrid Systems Model Checking and CPS Co-design Approach for Medical Device Plug-and-Play (MDPnP)}, 
year={2012}, 
month={April}, 
pages={13-22}, 
keywords={biomedical equipment;formal verification;object-oriented methods;CPS;CPS co-design approach;MDPnP;computerized control cyber-physical systems;design patterns;hybrid systems model checking;medical device plug-and-play;offline differential equation;online model checking;time-bounded future behavior;time-unbounded future behavior;Automata;Biological system modeling;Blood;Computational modeling;Laser modes;Mathematical model}, 
doi={10.1109/ICCPS.2012.10},}

@article{bu11_journal,
  author    = {Lei Bu and
               Xin Chen and
               Linzhang Wang and
               Xuandong Li},
  title     = {Online Verification of Control Parameter Calculations in
               Communication Based Train Control System},
  journal   = {CoRR},
  volume    = {abs/1101.4271},
  year      = {2011},
  ee        = {http://arxiv.org/abs/1101.4271},
  bibsource = {DBLP, http://dblp.uni-trier.de}
}

@article{Bu11,
 author = {Bu, Lei and Wang, Qixin and Chen, Xin and Wang, Linzhang and Zhang, Tian and Zhao, Jianhua and Li, Xuandong},
 title = {Toward Online Hybrid Systems Model Checking of Cyber-physical Systems' Time-bounded Short-run Behavior},
 journal = {SIGBED Rev.},
 issue_date = {June 2011},
 volume = {8},
 number = {2},
 month = jun,
 year = {2011},
 issn = {1551-3688},
 pages = {7--10},
 numpages = {4},
 acmid = {2000368},
 publisher = {ACM},
 address = {New York, NY, USA},
} 


@inproceedings{Frehse05_phaver,
  author    = {Goran Frehse},
  title     = {PHAVer: Algorithmic Verification of Hybrid Systems Past
               HyTech},
  booktitle = {HSCC},
  year      = {2005},
  pages     = {258-273}
}

@incollection{dang13_nonlinear,
year={2013},
isbn={978-3-319-02443-1},
booktitle={Automated Technology for Verification and Analysis},
volume={8172},
series={Lecture Notes in Computer Science},
title={NLTOOLBOX: A Library for Reachability Computation of Nonlinear Dynamical Systems},
publisher={Springer International Publishing},
author={Testylier, Romain and Dang, Thao},
pages={469-473}
}


@article{gueguen2009_survey,
        author = "Herv\'{e} Gu\'{e}guen and Marie-Anne Lefebvre and Janan
Zaytoon and Othman Nasri",
        title = "Safety verification and reachability analysis for hybrid systems",
        journal = "Annual Reviews in Control",
        volume = "33",
        number = "1",
        pages = "25--36",
        year = "2009",
        note = "",
        issn = "1367-5788",
        doi = "DOI: 10.1016/j.arcontrol.2009.03.002",
        keywords = "Hybrid systems",
        keywords = "Safety",
        keywords = "Reachability",
        keywords = "Verification",
        abstract = "Safety verification and reachability analysis for hybrid
systems is a very active research domain. Many approaches that seem
quite different, have been proposed to solve this complex problem.
This paper presents an overview of various approaches for autonomous,
continuous-time hybrid systems and presents them with respect to basic
problems related to verification."
}

@book{aubin1991viability,
 author = {Aubin, Jean-Pierre},
 title = {Viability Theory},
 year = {1991},
 isbn = {0-8176-3571-8},
 publisher = {Birkhauser Boston Inc.},
 address = {Cambridge, MA, USA},
} 

@inproceedings{gillula14_viabilitykernal,
 author = {Gillula, Jeremy H. and Kaynama, Shahab and Tomlin, Claire J.},
 title = {Sampling-based Approximation of the Viability Kernel for High-dimensional Linear Sampled-data Systems},
 booktitle = {Proceedings of the 17th International Conference on Hybrid Systems: Computation and Control},
 series = {HSCC '14},
 year = {2014},
 isbn = {978-1-4503-2732-9},
 location = {Berlin, Germany},
 pages = {173--182},
 numpages = {10},
 doi = {10.1145/2562059.2562117},
 acmid = {2562117},
 publisher = {ACM},
 address = {New York, NY, USA},
 keywords = {constrained sampled-data systems, sampling-based algorithms, viability kernel approximations},
}

@misc{ rta_simplex_compare,
	author = "Abhishek Murthy",
  title = "Simplex Architecture for 
Run Time Assurance of Hybrid Systems",
  howpublished = "Safe and Secure Systems and Software Symposium (S5)",
  year=2012
  }

@inproceedings{rta_simulation,
 author = {Michael Aiello and John Berryman and Jonathan Grohs and John Schierman},
 title = {Run-Time Assurance for Advanced Flight-Critical Control Systems},
 booktitle = {Proceedings of the American Institute of Aeronautics and Astronautics Guidance, Navigation, and Control Conference},
 series = {AIAA '10},
 year = {2010},
} 

@misc{ rta_study,
	author = "Matthew Clark and Xenofon Koutsoukos and Ratnesh Kumar and Insup Lee and
George Pappas and Lee Pike and Joseph Porter and Oleg Sokolsky",
  title = "Study on Run Time Assurance for Complex Cyber Physical Systems",
  howpublished = "Technical Report, Air Force Research Lab, Wright-Patterson AFB",
  year=2013,
  }


@inproceedings{s3a_simplex,
 author = {Mohan, Sibin and Bak, Stanley and Betti, Emiliano and Yun, Heechul and Sha, Lui and Caccamo, Marco},
 title = {S3A: Secure System Simplex Architecture for Enhanced Security and Robustness of Cyber-physical Systems},
 booktitle = {Proceedings of the 2Nd ACM International Conference on High Confidence Networked Systems},
 series = {HiCoNS '13},
 year = {2013},
 isbn = {978-1-4503-1961-4},
 location = {Philadelphia, Pennsylvania, USA},
 numpages = {10},
 url = {http://doi.acm.org/10.1145/2461446.2461456},
 doi = {10.1145/2461446.2461456},
 acmid = {2461456},
 keywords = {S3A, cyber-physical systems, intrusion detection, real-time systems, safety-critical systems, secure simplex, stuxnet},
} 

@book{moore1966interval,
  title={Interval analysis},
  author={Moore, R.E.},
  lccn={lc66022090},
  series={Prentice-Hall series in automatic computation},
  year={1966},
  publisher={Prentice-Hall}
}

@inproceedings{bak_2012_rtcsa,
 author = {Bak, Stanley and Yao, Gang and Pellizzoni, Rodolfo and Caccamo, Marco},
 title = {Memory-Aware Scheduling of Multicore Task Sets for Real-Time Systems},
 booktitle = {Proceedings of the 2012 IEEE International Conference on Embedded and Real-Time Computing Systems and Applications},
 series = {RTCSA '12},
 year = {2012}
} 

@book{tabuada:hybrid,
    author = "{Paulo Tabuada}",
    title = "Verification and Control of Hybrid Systems: A Symbolic Approach",
    publisher = "Springer",
    year = "2009"
}

@inproceedings{stategames,
    author = "Luca de Alfaro and Thomas A. Henzinger and Rupak Majumdar",
    title = "Symbolic algorithms for infinite-state games",
    booktitle = "CONCUR 01: Concurrency Theory, 12th International Conference",
    year = "2001",
}

@inproceedings{alur:altrefinement,
    author = {Rajeev Alur and Thomas A. Henzinger and Orna Kupferman and Moshe Y. Vardi},
    title = {Alternating refinement relations},
    booktitle = {In Proceedings of the Ninth International Conference on Concurrency Theory (CONCUR '98)},
    year = {1998},
    pages = {163--178},
    publisher = {Springer-Verlag}
}

@inproceedings{kumar:contsyntheis,
    author = "R. Kumar and V.K. Garg",
    title = "Modeling and Control of Logical Discrete Event Systems",
    publisher = "Kluwer Academic Publishers",
    year = "1995",
}

@inproceedings{cassandras:discreteeventsystems,
    author = "C. Cassandras and S. Lafortune",
    title = "Introduction to discrete event systems.",
    publisher = "Kluwer Academic Publishers",
    year = "1999",
}

@inproceedings{pessoa,
    author = "Manuel Mazo Jr. and Anna Davitian and Paulo Tabuada",
    title = "PESSOA: A tool for embedded controller synthesis",
    booktitle = "Proceedings of the 22nd International Conference on Computer Aided Verification",
    year = "2010",
}

@inproceedings{checkmate,
    author = "J. Kapinski and B. H. Krogh",
    title = "A new tool for verifying computer controlled systems",
    booktitle = "IEEE Conference on Computer-Aided Control System Design",
    pages = "98-103",
    year = "2002",
}

@inproceedings{chutinan:comptech,
    author = "A. Chutinan and B.H. Krogh",
    title = "Computational techniques for hybrid system verification",
    booktitle = "Auto-matic Control, IEEE Transactions",
    pages = "64-75"
}

@Article{Sha90,
author =   {Lui Sha and Ragunathan Rajkumar and John P. Lehoczky},
title =    {Priority Inheritance Protocols: An Approach to Real-Time
                        Synchronization},
journal =      {IEEE transaction on computers},
year =     {1990},
key =      {sinchronization},
volume =   {39},
number =   {9},
month =    {September}
}

@INCOLLECTION {Raj91a,
  AUTHOR =  {R. Rajkumar},
  TITLE =   {Synchronization in Multiple Processor Systems},
  BOOKTITLE =   {Synchronization in Real-Time Systems: A Priority
        Inheritance Approach},
  PUBLISHER =   {Kluwer Academic Publishers},
  YEAR =    1991,
  KEYWORD = {distributed, multiprocessor scheduling},
  OPTwhere =    {RETIS Lab},
}

@article{Block07fmlp,
author = {Aaron Block and Hennadiy Leontyev and Bjorn B. Brandenburg and James H. Anderson},
title = {A Flexible Real-Time Locking Protocol for Multiprocessors},
journal ={Real-Time Computing Systems and Applications},
volume = {0},
issn = {1533-2306},
year = {2007},
pages = {47-56},
}

@inproceedings{pret_dram,
 author = {J. Reineke and I. Liu and H. Patel and S. Kim and E. Lee},
 title = {PRET DRAM Controller: Bank Privatization for Predictability and Temporal Isolation},
 booktitle = {Proceedings of {CODES+ISSS}},
 year = {2011},
 month={October},
 location = {Taipei, Taiwan},
} 

 @article{Pao09,
 author = {M Paolieri and E Quinones and F. J. Cazorla and M. Valero},
 title = {An Analyzable Memory Controller for Hard Real-Time {CMP}s},
 journal = {IEEE Embedded System Letter},
 volume = {1},
 number = {4},
 year = {2009},
 month = {Dec}
 }

 @inproceedings{Ben2007Predator,
 author = {Akesson, Benny and Goossens, Kees and Ringhofer, Markus},
 title = {Predator: a predictable SDRAM memory controller},
 booktitle = {Proceedings of the 5th IEEE/ACM international conference on Hardware/software codesign and system synthesis},
 series = {CODES+ISSS '07},
 year = {2007},
  pages = {251--256},
 numpages = {6},
} 

@INPROCEEDINGS{Ken11rtss, 
author={Kenna, Christopher J. and Herman, Jonathan L. and Brandenburg, Bjorn B. and Mills, Alex F. and Anderson, James H.}, 
booktitle={Real-Time Systems Symposium (RTSS), 2011 IEEE 32nd}, 
title={Soft Real-Time on Multiprocessors: Are Analysis-Based Schedulers Really Worth It?}, 
year={2011}, 
month={dec}, 
volume={}, 
number={},}

@inproceedings{Edw07,
 author = {Edwards, S. A. and Lee, E. A.},
 title = {The case for the precision timed {(PRET)} machine},
 booktitle = {DAC '07: Proc. of the 44th annual Design Automation Conference},
 year = {2007},
 isbn = {978-1-59593-627-1}, }

@INPROCEEDINGS{Whi09,
    author = {J. Whitham and N. Audsley},
    title = {IMPLEMENTING TIME-PREDICTABLE LOAD AND STORE OPERATIONS},
    booktitle = {Proc. of the Intl. Conf. on Embedded Systems (EMSOFT)},
    year = {2009},
    Month = {Oct},
    address = {Grenoble, France}
    }

@inproceedings{Fal06,
 author = {Falk, H. and Lokuciejewski, P. and Theiling, H.},
 title = {Design of a WCET-Aware C Compiler},
 booktitle = {ESTMED '06: Proc. of the 2006 IEEE/ACM/IFIP Workshop on Embedded Systems for Real Time Multimedia},
 year = {2006},
 isbn = {0-7803-9783-5},
 pages = {121--126},
 }

@inproceedings{Pau07,
 author = {Puaut, I. and Hardy, D.},
 title = {Predictable Paging in Real-Time Systems: A Compiler Approach},
 booktitle = {ECRTS '07: Proc. of the 19th Euromicro Conf. on Real-Time Systems},
 year = {2007},
 isbn = {0-7695-2914-3},
 pages = {169--178},
 }


@inproceedings{Lew07,
  author = {M. Lewandowski and M. Stanovich and T. Baker and K. Gopalan and A. Wang},
  title     = {Modeling device driver effects in real-time schedulability: Study of a Network Driver},
  booktitle = {Proc. of the $13^{th}$ IEEE Real Time Application Symposium},
  year      = 2007,
  month={Apr}
}

@inproceedings{Fac05,
 author = {Facchinetti, T. and Buttazzo, G. and Marinoni, M. and Guidi, G.},
 title = {Non-Preemptive Interrupt Scheduling for Safe Reuse of Legacy Drivers in Real-Time Systems},
 booktitle = {ECRTS '05: Proc. of the 17th Euromicro Conf. on Real-Time Systems},
 year = {2005},
 isbn = {0-7695-2400-1},
 pages = {98--105},
 }

@InProceedings{Tin94,
  author =   {K. W. Tindell and H. Hansson and A. J. Wellings},
  title =    {Analysing real-time communication: controller area network {(CAN)}},
  booktitle =    {Proceedings of the IEEE Real-Time Systems Symposium},
  year =     {1994},
  month = {December},
  address = {San Juan, Puerto Rico}
}


@InProceedings{Thi00,
  author =   {L. Thiele and S. Chakraborty and M. Naedele},
  title =    {Real-Time Calculus for Scheduling Hard Real-Time Systems},
  booktitle =    {Proceedings of IEEE International Symposium on Circuits and Systems {(ISCAS)}},
  year =     {2000}
}

@article{Wan06,
author =   {E. Wandeler and L. Thiele and M. Verhoef and P. Lieverse},
title =    {System architecture evaluation using modular performance analysis: a case study},
  journal =    {International Journal on Software Tools for Technology Transfer},
  year =     {2006},
  month ={Nov},
  volume=9,
  number=6,
  pages={649-667}
}

@InProceedings{Sch08,
  author =   {S. Schliecker and M. Negrean and G. Nicolescu and P. Paulin and R. Ernst},
title =    {Reliable performance analysis of a multicore multithreaded system-on-chip},
  booktitle = {Proceedings of the 6th CODES+ISSS},
  year =     {2008},
  month = {Oct}
}

@Inproceedings{Nam09,
  author    = {M. Y. Nam and R. Pellizzoni and R. M. Bradford and L. Sha},
  title     = {{ASIIST}: Application Specific {I/O} Integration Support Tool 
for Real-Time Bus Architecture Designs},
  booktitle = {Proceedings of the IEEE ICECCS},
  address   = {Potsdam, Germany},
  year      = {2009}
}

@InProceedings{Ros07,
  author =   {J. Rosen and A. Andrei, P. Eles and Z. Peng },
title =    {Bus Access Optimization for Predictable Implementation of Real-Time Applications on Multiprocessor Systems-on-Chip},
  booktitle = {Proc. of the $28^{th}$ IEEE Real-Time System Symposium},
  year =     {2007},
  month ={December},
}

@Inproceedings{Hua96,
  author    = {Tay-Yi Huang and Jane W. S. Liu and Jen-Yao Chung},
  title     = {Allowing Cycle-Stealing Direct Memory Access I/O
               Concurrent with Hard-Real-Time Programs},
  booktitle = {Int. Conf. on Parallel and Distributed Systems},
  address   = {Tokyo},
  year      = {1996},
  key       = {WCET evaluation, DMA, guarantee}
}

@ARTICLE {Liu73,
  AUTHOR =  {C.L. Liu and J.W. Layland},
  TITLE =   {Scheduling Algorithms for Multiprogramming in a
        Hard-Real-Time Environment},
  JOURNAL = {Journal of the Association for Computing Machinery},
  VOLUME =  20,
  NUMBER =  1,
  YEAR =    1973,
  KEYWORD = {Scheduling, General},
  OPTwhere =    {RETIS Lab},
}

@INPROCEEDINGS{Bra10rtss, 
author={Brandenburg, B.B. and Anderson, J.H.}, 
booktitle={Real-Time Systems Symposium (RTSS), 2010 IEEE 31st}, title={Optimality Results for Multiprocessor Real-Time Locking}, 
year={2010}, 
month={Dec.}, 
volume={}, 
number={}, 
pages={49 -60}, }

@article{Rei07,
 author = {J. Reineke and D. Grund and C. Berg and R. Wilhelm},
 title = {Timing Predictability of Cache Replacement Policies},
 journal = {Real-Time Systems},
 volume = {37},
 number = {2},
 year = {2007}
}

@Manual{QUICCIII,
  title =        {MPC8560 PowerQUICCIII Communication Processor Reference Manual},
  key =          {},
  OPTauthor =    {},
  organization = {Freescale},
  note =     {http://cache.freescale.com/files/32bit/doc/ref\_ manual/MPC8560RM.pdf},
  year = {2004}
} 

@Manual{mibench,
  title =        {MiBench Version 1.0},
  key =          {},
  OPTauthor =    {},
  organization = {University of Michigan at Ann Arbor},
  note =     {http://www.eecs.umich.edu/mibench/},
  year = {2001}
}

@InProceedings{LLVM:CGO04,
    Author  = {C. Lattner and V. Adve},
    Title = {{LLVM}: A Compilation Framework for Lifelong Program Analysis and Transformation},
    booktitle = {Proc. of the International Symposium of Code Generation and Optimization},
    Month = {Mar},
    Year  = {2004},
}

@PhdThesis{emi_thesis,
  author =   {E. Betti},
  title =    "Satisfying hard real-time constraints using {COTS} components",
  school =   { University of Rome ``Tor Vergata''},
  year =     2010,
  month    = {June},
}

@techreport{PREMtechrep,
    Author = {R. Pellizzoni and E. Betti and S. Bak and G. Yao and J. Criswell and M. Caccamo},
    Title = {Predictable execution model: concept and implementation},
    Institution = {University of Illinois at Urbana-Champaign},
    Year = {2010},
    Month = {June},
    note = {http://www.ideals.illinois.edu/handle/2142/16605},
}

@techreport{Pel09techrep,
    Author = {R. Pellizzoni and M. Nam and R. Bradford and L. Sha},
    Title = {A Network Calculus Based Analysis for the {PCI} Bus},
    Institution = {University of Illinois at Urbana-Champaign},
    Year = {2009},
    Month = {January},
    URL = {https://netfiles.uiuc.edu/rpelliz2/www/}
}

    @INPROCEEDINGS{Sch09,
    author = {M. Schoeberl and W. Puffitsch and B. Huber},
    title = {Towards time-predictable data caches for chip-multiprocessors},
    booktitle = {Proceedings of the Seventh IFIP Workshop on Software Technologies for Future Embedded and Ubiquitous Systems {(SEUS 2009)}},
    month = {Nov},
    year = {2009}    }

@InProceedings{DSA:PLDI07,
    author    = {Chris Lattner and Andrew Lenharth and Vikram Adve},
    title     = "{Making Context-Sensitive Points-to Analysis with Heap Cloning Practical For The Real World}",
    booktitle = "{Proceedings of the 2007 ACM SIGPLAN Conference on Programming Language Design and Implementation (PLDI'07)}",
    address   = {San Diego, California},
    month     = {June},
    year      = {2007}
  }

@book{But04,
  title={Hard Real-Time Computing Systems: Predictable Scheduling Algorithms and Applications},
  author={Buttazzo, G.C.},
  isbn={9780387231372},
  lccn={04058935},
  series={Real-Time Systems Series},
  url={http://books.google.com/books?id=fpJAZM6FK2sC},
  year={2005},
  publisher={Springer-Verlag GmbH}
}

@InProceedings{Shi03,
  author =   {I. Shin and I. Lee},
title =    {Periodic Resource Model for Compositional Real-Time Guarantees},
  booktitle = {Proceedings of Proceedings of the 23th {IEEE} Real-Time Systems Symposium},
  year =     {2003},
  month = {Dec},
  address = {Cancun, Mexico}
}

@INPROCEEDINGS{bak_rtss09, 
author={Bak, S. and Betti, E. and Pellizzoni, R. and Caccamo, M. and Lui Sha}, 
booktitle={Real-Time Systems Symposium, 2009, RTSS 2009. 30th IEEE}, 
title="Real-Time Control of {I/O COTS} Peripherals for Embedded Systems", 
year={2009}, 
month={dec.}, 
volume={}, 
number={}, 
pages={193 -203}, 
}

@ARTICLE{smartbridge_journal, 
author={Betti, E. and Bak, S. and Pellizzoni, R. and Caccamo, M. and Sha, L.}, 
journal={Computers, IEEE Transactions on}, 
title="Real-Time {I/O} Management System with {COTS} Peripherals", 
year={2013}, 
month={jan. }, 
volume={62}, 
number={1}, 
pages={45 -58}, 
}

@INPROCEEDINGS{memguard,
    author = {Heechul Yun and Gang Yao and Rodolfo Pellizzoni and Marco Caccamo and Lui Sha},
    title = "{MemGuard: Memory Bandwidth Reservation System for Efficient Performance Isolation in Multi-core Platforms}",
    booktitle = {19th IEEE Real-Time and Embedded Technology and Applications Symposium (RTAS)},
    year = {2013},
}

@Manual{PCIspec,
  title =        {Conventional PCI 3.0, PCI-X 2.0 and PCI-E 2.0 Specifications},
  key =          {},
  OPTauthor =    {},
  organization = {PCI SIG},
  note =     {http://www.pcisig.com},
  OPTannote =    {}
}

@article{safebus,
author =   {K. Hoyme and K. Driscoll},
title =    {SAFEbus(tm)},
  journal =    {IEEE Aerospace Electronics and Systems Magazine},
  year =     {1993},
  month ={Mar},
  pages={34-39}
}

@inproceedings{intel_intersections,
 author = {Kowshik, Hemant and Caveney, Derek and Kumar, P. R.},
 title = {Safety and Liveness in Intelligent Intersections},
 booktitle = {Proceedings of the 11th international workshop on Hybrid Systems: Computation and Control},
 series = {HSCC '08},
 year = {2008},
 isbn = {978-3-540-78928-4},
 location = {St. Louis, MO, USA},
 pages = {301--315},
 numpages = {15},
 acmid = {1423056},
 publisher = {Springer-Verlag},
 address = {Berlin, Heidelberg},
} 

@ARTICLE{tomlin2003,
        author={Tomlin, C.J. and Mitchell, I. and Bayen, A.M. and Oishi, M.},
        journal={Proceedings of the IEEE},
        title={Computational techniques for the verification of hybrid systems},
        year={2003},
}

@misc{taylor_simplex,
author = {Taylor Johnson},
title = "Stability Analysis of {S}implex Architecture Controlled Inverted Pendulum",
year = {2008}
}

@book{hyperbox_reachability,
  title={Ans{\"a}tze zum Model-Checking nichtlinearer analoger Systeme},
  author={Hartong, W.},
  isbn={9783183364206},
  series={Fortschritt-Berichte: Rechnerunterst{\"u}tzte Verfahren},
  url={http://books.google.com/books?id=0R4sAwAACAAJ},
  year={2003},
  publisher={VDI-Verlag}
}

@phdthesis{Steinhorst2011,
  author      = {Sebastian Steinhorst},
  title       = {Formal verification methodologies for nonlinear analog circuits},
  year        = {2011}
}

@inproceedings{Sch2011,
 author = {A. Schranzhofer and R. Pellizzoni and J.-J. Chen and L. Thiele and M. Caccamo.},
 title = {Timing Analysis for Resource Access Interference on Adaptive Resource Arbiters},
 booktitle = {Proceedings of the 17th IEEE Real-Time and Embedded Technology and Applications Symposium},
 year = {2011},
 location = {Chicago, IL},
} 

@inproceedings{Pao09Isca,
 author = {M. Paolieri and E. Quinones and F.J. Cazorla and G. Bernat and M. Valero},
 title = {Hardware Support for WCET Analysis of Hard Real-Time Multicore Systems},
 booktitle = {Proceedings of the International Symposium on Computer Architecture {(ISCA)}},
 year = {2009}
} 

@InProceedings{Bach08,
  author =   {B. D. Bui and M. Caccamo and L. Sha and J. Martinez},
title =    {Design and Evaluation of a Cache Partitioned Environment for Real-Time Embedded Systems},
  booktitle = {Proceedings of the 14th IEEE International Conference on Embedded and Real-Time Computing Systems and Applications (RTCSA)},
  year =     {2008},
  address = {KaoHsiung, Taiwan}
}

@ARTICLE{EEMBC, 
author={Poovey, J.A. and Conte, T.M. and Levy, M. and Gal-On, S.}, 
journal={Micro, IEEE}, 
title={A Benchmark Characterization of the EEMBC Benchmark Suite}, 
year={2009}, 
month={sept.-oct. }, 
volume={29}, 
number={5}, 
pages={18 -29}, }

@inproceedings{pellizzoni11,
  title = "A Predictable Execution Model for {COTS}-Based Embedded Systems",
  author = {Rodolfo Pellizzoni and Emiliano Betti and Stanley Bak and Gang Yao and John Criswell and Marco Caccamo and Russell Kegley},
  year = {2011},
  doi = {http://dx.doi.org/10.1109/RTAS.2011.33},
  researchr = {http://researchr.org/publication/PellizzoniBBYCCK11},
  cites = {0},
  citedby = {0},
  pages = {269-279},
  booktitle = {17th IEEE Real-Time and Embedded Technology and Applications Symposium, RTAS 2011, Chicago, Illinois, USA, 11-14 April 2011},
  publisher = {IEEE Computer Society},
  isbn = {978-0-7695-4344-4},
}


@inproceedings{spaceex,
   title = {SpaceEx: Scalable Verification of Hybrid Systems},
   author = {Frehse, Goran and Le Guernic, Colas and Donz\'e, Alexandre and Cotton, Scott and Ray, Rajarshi and Lebeltel, Olivier and Ripado, Rodolfo and Girard, Antoine and Dang, Thao and Maler, Oded},
   booktitle = {International Conference on Computer Aided Verification},
   publisher = {Springer},
   team = {TEMPO},
   year = {2011},
   
}

@inproceedings{dang10,
 author = {Dang, Thao and Maler, Oded and Testylier, Romain},
 title = {Accurate hybridization of nonlinear systems},
 booktitle = {International conference on Hybrid systems: computation and control},
 year = {2010},
 isbn = {978-1-60558-955-8},
 location = {Stockholm, Sweden},
 numpages = {10},
 acmid = {1755956},
 keywords = {non-linear systems, numerical analysis, reachability computation},
} 

@ARTICLE{Parasuraman00, 
author={Parasuraman, R. and Sheridan, T.B. and Wickens, C.D.}, 
journal={Systems, Man and Cybernetics, Part A: Systems and Humans, IEEE Transactions on}, title={A model for types and levels of human interaction with automation }, 
year={2000}, 
month={may}, 
volume={30}, 
number={3}, 
pages={286 -297}, 
keywords={automation;cognitive engineering;function allocation;human computer interaction;human factors;information acquisition;information analysis;man machine systems;automation;human factors;man-machine systems;user interfaces;}, 
doi={10.1109/3468.844354}, 
ISSN={1083-4427}}

@book{Leveson95,
 author = {Leveson, Nancy G.},
 title = {Safeware: system safety and computers},
 year = {1995},
 isbn = {0-201-11972-2},
 publisher = {ACM},
 address = {New York, NY, USA},
} 

@misc{MISRALtd2007,
  author = {MISRA},
  title = {Guidelines for the safety analysis of vehicle-based programmable systems.},
  year = {2007},
  editor = {MISRA Ltd.}
}

@misc{ARINC.653P1,
 year = {2005},
 title = {ARINC 653, Avionic Application Software Standard Interface, Part 1},
 number = {ARINC 653 P1-2},
 author = {ARINC}
}

@misc{ISO11,
 year = {2011},
 title = {ISO 26262-3: Road vehicles - Functional safety - Part 3: Concept phase },
 number = {ISO 26262-3},
 author = {ISO}
}

@misc{ISO10,
 year = {2010},
 title = {ISO 25119-2: Tractors and machinery for agriculture and forestry - Safety-related parts of control systems - Part 2: Concept phase  },
 number = {ISO 25119-2},
 author = {ISO}
}

@ARTICLE{rasmussen83,
  author = {Rasmussen, Jens},
  title = {Skills, rules, and knowledge: signals, signs, and symbols, and other distinctions in human performance models},
  journal = {IEEE Transactions on Systems, Man and Cybernetics},
  year = {1983},
  volume = {13},
  pages = {257--266},
  number = {3},
  keywords = {framework cognition}}
}

@BOOK{Reason90,
  author = {Reason, J.},
  title = {Human error},
  year = {1990},
  publisher = {Cambridge University Press}
}

@misc{projOperator,
	howpublished = "Appendix B",
	author = "Naira Hovakimyan and Chengyu Cao",
	year = "2010",
	title = "L1 adaptive control theory: guaranteed robustness with fast adaptation"
}


@phdthesis{chutinan99, 
    title = {Hybrid system verification using discrete model approximations}, 
    author = {A. Chutinan},
    year = {1999},
    school = {Carnegie Mellon University},
    date = {1999},
}

@inproceedings{manamcheri11,
 author = {Manamcheri, Karthik and Mitra, Sayan and Bak, Stanley and Caccamo, Marco},
 title = {A step towards verification and synthesis from simulink/stateflow models},
 booktitle = {Proceedings of the 14th international conference on Hybrid systems: computation and control},
 series = {HSCC '11},
 year = {2011},
 isbn = {978-1-4503-0629-4},
 location = {Chicago, IL, USA},
 pages = {317--318},
 numpages = {2},
 url = {http://doi.acm.org/10.1145/1967701.1967749},
 doi = {http://doi.acm.org/10.1145/1967701.1967749},
 acmid = {1967749},
 publisher = {ACM},
 address = {New York, NY, USA},
 keywords = {hybrid automata, simulink, stateflow},
} 

@inproceedings{dang98, 
    title = {Reachability Analysis via Face Lifting }, 
    author = {Dang, Thao and Maler, Oded},
    year = {1998},
    booktitle = {Hybrid Systems: Computation and Control HSCC'98},
    note = {LNCS 1386},
    pages = {96-109},
    publisher = {Springer},
    team = {TEMPO},
}

@phdthesis{dang00, 
    title = {Verification et synthese des systemes hybrides }, 
    author = {Dang, Thao},
    month = {oct},
    year = {2000},
    school = {INPG},
    team = {TEMPO},
    date = {octobre, 10, 2000},
}

@article{Soil_Drag,
		author = {R.K. Sahu and H. Raheman},
		title = {Draught Prediction of Agricultural Implements using Reference Tillage Tools in Sandy Clay Loam Soil},
		journal = {Biosystems Engineering},
		year = {2006},
		publisher = {Elsevier},
		volume = 94, 
		number = 2, 
		pages = {275-284}
}

@book{Vehicle_Dynamics,
		author = {G. Nakhaie Jazar},
		title = {Vehicle Dynamics},
		publisher = {Springer},
		year = "2008"
}



@inproceedings{bak11,
  author = {Stanley Bak and Karthik Manamcheri and Sayan Mitra and Marco Caccamo},
  title = {Sandboxing Controllers for Cyber-Physical Systems},
  booktitle = {International Conference on Cyber-physical systems},
  series = {ICCPS},
  year = {2011},
  pdfurl = {research/2011/simplex_iccp2011B.pdf}
}

@inproceedings{dang98, 
    title = {Reachability Analysis via Face Lifting }, 
    author = {Dang, Thao and Maler, Oded},
    year = {1998},
    booktitle = {Hybrid Systems: Computation and Control HSCC'98},
    note = {LNCS 1386},
    pages = {96-109},
    publisher = {Springer},
    team = {TEMPO},
}


@article{FainekosP09,
author = {Georgios E. Fainekos and George J. Pappas},
title = {Robustness of Temporal Logic Specifications for Continuous-Time Signals},
journal = {Theoretical Computer Science},
year = {2009},
publisher = {Elsevier},
volume = 410, 
number = 42, 
pages = {4262-4291}},


@article{chrome_sandbox,
 author = {Reis, Charles and Barth, Adam and Pizano, Carlos},
 title = {Browser security: lessons from Google Chrome},
 journal = {Commun. ACM},
 volume = {52},
 issue = {8},
 month = {August},
 year = {2009},
 issn = {0001-0782},
 pages = {45--49},
 numpages = {5},
 acmid = {1536634},
 publisher = {ACM},
 address = {New York, NY, USA},
}

@inproceedings{bak_rtas_2010,
 author = {Bak, Stanley and Greer, Ashley and Mitra, Sayan},
 title = {Hybrid Cyberphysical System Verification with Simplex Using Discrete Abstractions},
 booktitle = {IEEE Real-Time and Embedded Technology and Applications Symposium},
 series = {RTAS '10},
 year = {2010},
 isbn = {978-0-7695-4001-6},
 pages = {143--152},
 numpages = {10},
 acmid = {1829218},
 publisher = {IEEE Computer Society},
 address = {Washington, DC, USA},
} 

@book{astrom90,
 author = {Karl J. Astrom and Bjorn Wittenmark},
 title = {Computer-controlled systems: theory and design (2nd ed.)},
 year = {1990},
 isbn = {0-13-168600-3},
 publisher = {Prentice-Hall, Inc.},
 address = {Upper Saddle River, NJ, USA},
 }


@misc{ short_circuit_protected_bus_module,
	title="ARINC 429 Bus Interface Line Driver Circuit",
	author="Intersil",
	year="2008",
	howpublished="http://www.intersil.com/cda/deviceinfo/0,0,HS-3182.html"
	}

@misc{honeywell_onewireless,
	howpublished = "https://www.honeywellprocess.com/en-US/explore/products/wireless/OneWireless-Network/pages/default.aspx",
	author = "Honeywell",
	year = "2012",
	title = "OneWireless Network - ISA100.11a-Compliant Wireless Mesh Network"
}

@misc{petaLinux,
	howpublished = "http://developer.petalogix.com/",
	author = "PetaLogix",
	year = "2008",
	title = "PetaLinux"
}


@inproceedings{aadl_behaviour_annex,
 author = {Ricardo Bedin Franca and Jean-Paul Bodeveix and Mamoun Filali and Jean-Francois Rolland and David Chemouil and Dave Thomas},
 title = {The AADL behaviour annex -- experiments and roadmap},
 booktitle = {ICECCS '07: Proceedings of the 12th IEEE International Conference on Engineering Complex Computer Systems (ICECCS 2007)},
 year = {2007},
 isbn = {0-7695-2895-3},
 pages = {377--382},
 doi = {http://dx.doi.org/10.1109/ICECCS.2007.41},
 publisher = {IEEE Computer Society},
 address = {Washington, DC, USA},
 }

@inproceedings{lin87_imprecise,
  author    = {Kwei-Jay Lin and
               Swaminathan Natarajan and
               Jane W.-S. Liu},
  title     = {Imprecise Results: Utilizing Partial Comptuations in Real-Time
               Systems},
  booktitle = {RTSS},
  year      = {1987},
  pages     = {210-217},
  crossref  = {DBLP:conf/rtss/1987},
  bibsource = {DBLP, http://dblp.uni-trier.de}
}

@ARTICLE{liu94_imprecise, 
author={Liu, J. W -S and Wei-Kuan Shih and Kwei-Jay Lin and Bettati, R. and Chung, J. -Y}, 
journal={Proceedings of the IEEE}, 
title={Imprecise computations}, 
year={1994}, 
month={Jan}, 
volume={82}, 
number={1}, 
pages={83-94}, 
keywords={fault tolerant computing;real-time systems;scheduling;uncertainty handling;architectural framework;fault tolerance;imprecise computation technique;real-time systems;time-critical task;transient overload;Computational modeling;Computer science;Control systems;Fault tolerance;Fault tolerant systems;Real time systems;Scheduling algorithm;Target tracking;Time factors;Timing}, 
doi={10.1109/5.259428}, 
ISSN={0018-9219},}

@ARTICLE{multiple_lyapunov, 
author={Branicky, M.S.}, 
journal={Automatic Control, IEEE Transactions on}, 
title={Multiple Lyapunov functions and other analysis tools for switched and hybrid systems}, 
year={1998}, 
month={Apr}, 
volume={43}, 
number={4}, 
pages={475-482}, 
keywords={Lyapunov methods;continuous time systems;control system analysis;limit cycles;nonlinear systems;stability;variable structure systems;Bendixson theorem;Lagrange stability;Lipschitz continuous vector;Lyapunov functions;hybrid systems;iterated function systems;limit cycle;nonlinear systems;stability analysis;switched systems;variable structure systems;Automata;Control systems;Difference equations;Differential equations;Lagrangian functions;Limit-cycles;Lyapunov method;Stability analysis;Switched systems;Switches}, 
doi={10.1109/9.664150}, 
ISSN={0018-9286},}

@article{ominimal,
year={2000},
issn={0932-4194},
journal={Mathematics of Control, Signals and Systems},
volume={13},
number={1},
title={O-Minimal Hybrid Systems},
publisher={Springer-Verlag London Limited},
keywords={Key words. Hybrid systems, Bisimulations, Model theory, O-minimality, Decidability.},
author={Lafferriere, Gerardo and Pappas, George J. and Sastry, Shankar},
pages={1-21},
language={English}
}

@ARTICLE{alur94,
    author = {Rajeev Alur and David L. Dill},
    title = {A Theory of Timed Automata},
    journal = {Theoretical Computer Science},
    year = {1994},
    volume = {126},
    pages = {183--235}
}

@INPROCEEDINGS{henzinger95,
    author = {Thomas A. Henzinger and Peter W. Kopke and Anuj Puri and Pravin Varaiya},
    title = {What's Decidable about Hybrid Automata?},
    booktitle = {Journal of Computer and System Sciences},
    year = {1995},
    pages = {373--382},
    publisher = {ACM Press}
}

@article{henzinger1998algorithmic,
  title={Algorithmic analysis of nonlinear hybrid systems},
  author={Henzinger, Thomas A and Ho, Pei-Hsin and Wong-Toi, Howard},
  journal={IEEE transactions on automatic control},
  volume={43},
  number={4},
  pages={540--554},
  year={1998},
  publisher={IEEE}
}

@inproceedings{althoff2008reachability,
  title={Reachability analysis of nonlinear systems with uncertain parameters using conservative linearization},
  author={Althoff, Matthias and Stursberg, Olaf and Buss, Martin},
  booktitle={Decision and Control, 2008. CDC 2008. 47th IEEE Conference on},
  pages={4042--4048},
  year={2008},
  organization={IEEE}
}

@ARTICLE{alur95,
    author = {R. Alur and C. Courcoubetis and N. Halbwachs and T. A. Henzinger and P.-H. Ho and X. Nicollin and A. Olivero and J. Sifakis and S. Yovine},
    title = {The algorithmic analysis of hybrid systems},
    journal = {Theoretical Computer Science},
    year = {1995},
    volume = {138},
    pages = {3--34}
}

@INPROCEEDINGS{l1_simplex, 
author={Xiaofeng Wang and Hovakimyan, N. and Lui Sha}, 
booktitle={Cyber-Physical Systems (ICCPS), 2013 ACM/IEEE International Conference on}, 
title={L1Simplex: Fault-tolerant control of cyber-physical systems}, 
year={2013}, 
month={April}, 
pages={41-50}, 
keywords={adaptive control;control engineering computing;control system synthesis;fault tolerant computing;stability;CPS;HAC design;HPC;L1Simplex architecture;L1 adaptive controller;L1-based high-assurance controller;controller switching rule;cyber-physical system complexity;decision logic;fault tolerant control;high-performance controller;physical failures;safety monitor;software failure;stability-envelope-based rule;system behavior monitoring;system failures;Computer architecture;Control systems;Equations;Mathematical model;Monitoring;Stability analysis;Uncertainty;Fault;L1 Adaptive Control;Simplex;Tolerance}, 
doi={10.1109/ICCPS.2013.6603998},}

@misc{ clock_regions,
	author = "Markus Adhiwiyogo",
	howpublished = "http://www.xilinx.com/publications/xcellonline/xcell\_52/xc\_v4xesium52.htm",
	title = "Virtex-4 Clocking Resources",
	year = "2005"
	}

@misc{ simplex_autopilot,
	author = "Danbing Seto and Enrique Ferreira and Theodore F. Marz",
  title = "Case Study: Development of a Baseline Controller for Automatic Landing of an F-16 Aircraft Using Linear Matrix Inequalities (LMIs)",
  howpublished = "Technical Report Cmu/ sei-99-Tr-020",
  url = "citeseer.ist.psu.edu/ 606539.html" 
  }

@inproceedings{crenshaw07_simplex,
 author = {Tanya L. Crenshaw and Elsa Gunter and C. L. Robinson and Lui Sha and P. R. Kumar},
 title = {The Simplex Reference Model: Limiting Fault-Propagation Due to Unreliable Components in Cyber-Physical System Architectures},
 booktitle = {Real-Time Systems Symposium (RTSS)},
 year = {2007},
 }

@misc{linux_rk,
	howpublished = "http://www.cs.cmu.edu/~rajkumar/linux-rk.html",
	author = "Raj Rajkumar",
	year = "2008",
	title = "Linux/ RK"
}

@misc{fpu,
	author = "Jidan Al-Eryani",
	howpublished = "www.opencores.org.uk/ projects.cgi/ web/ fpu100/ ",
	year = "2006",
	title = "OpenCores.org: Floating Point Unit"
}

@incollection{randell95,
  author =	 "Brian Randell",
  title =	 "The evolution of the recovery block concept",
  booktitle =	 "Software Fault Tolerance",
  editor =	 "Lyu",
  organization = "University of Virginia, VA, USA",
  year =	 "1995",
  chapter =	 "1",
  pages =	 "1--21",
  url =      "www.ece.cmu.edu/ ~ece849/ papers/ randell95\_evolution\_recovery\_blocks.pdf"

}

@proceedings{maude_book,
  editor    = {Manuel Clavel and
               Francisco Dur{\'a}n and
               Steven Eker and
               Patrick Lincoln and
               Narciso Mart\'{\i}-Oliet and
               Jos{\'e} Meseguer and
               Carolyn L. Talcott},
  title     = {All About Maude - A High-Performance Logical Framework,
               How to Specify, Program and Verify Systems in Rewriting
               Logic},
  booktitle = {All About Maude},
  publisher = {Springer},
  series    = {Lecture Notes in Computer Science},
  volume    = {4350},
  year      = {2007},
  isbn      = {978-3-540-71940-3},
  bibsource = {DBLP, dblp.uni-trier.de}
}

@TECHREPORT{feiler06,
  author = {Peter H. Feiler and David P. Gluch and John J. Hudak},
  title = {The Architecture Analysis and Design Language (AADL): An Introduction},
  institution = {CMU/ SEI},
  year = {2006}
}

@TECHREPORT{sha99,
  author = {Danbing Seto and Lui Sha},
  title = {A Case Study on Analytical Analysis of the Inverted Pendulum Real-Time Control System},
  institution = {CMU/ SEI},
  year = {1999}
}

@article{shooman96,
author = {M.L. Shooman},
title = {Avionics software problem occurrence rates},
journal = {issre},
volume = {0},
year = {1996},
issn = {1071-9458},
pages = {55},
doi = {doi.ieeecomputersociety.org/ 10.1109/ ISSRE.1996.558695},
publisher = {IEEE Computer Society},
address = {Los Alamitos, CA, USA},
}

@misc{tcas_bug,
	author = "ALLSTAR Network",
	title = "Traffic Alert/ Collision Avoidance System",
	howpublished = "www.allstar.fiu.edu/ aero/ TCAS.htm",
	year = "2006"
	}


@misc{pacemaker_spec,
	author = "Boston Scientific",
	title = "PACEMAKER System Specifcation",
	url = {\url{http://sqrl.mcmaster.ca/\_SQRLDocuments/PACEMAKER.pdf}},
	year = "2007"
	}

@book{webster95,
	editor = "John G. Webster",
	title = "Design of cardiac pacemakers",
	year = "1995",
	publisher = "IEEE Press",
	address = "Piscataway, NJ",
	note = "http://ecow.engr.wisc.edu/cgi-bin/get/bme/762/webster/designofca/ "
	}


@inproceedings{king08,
	author = {Samuel T. {King} and Joseph {Tucek} and Anthony {Cozzie} and  Chris {Grier} and Weihang {Jiang} and Yuanyuan {Zhou}}, 
	title = "Designing and implementing malicious hardware",
	booktitle = "Proceedings of the First USENIX Workshop on Large-Scale Exploits and Emergent Threats (LEET)",
	month = "April",
	year = "2008"
	}


@misc{ sch03,
  author = {Sebastian Schonberg},
 title = {Impact of PCI-Bus Load on Applications in a PC Architecture},
 booktitle = {RTSS '03: Proceedings of the 24th IEEE International Real-Time Systems Symposium},
 year = {2003},
 isbn = {0-7695-2044-8},
 pages = {430},
 publisher = {IEEE Computer Society},
 address = {Washington, DC, USA},
 }
  
@misc{smx,
	author = "Micro Digital Inc.",
	title = "SMX RTOS: What Good Support Means To You",
	howpublished = "http://www.smxrtos.com/rtos/product.htm"
	}


@misc{f22_highrisk,
	author = "John Pike",
	title = "F-22 Raptor History",
	howpublished = "www.globalsecurity.org/ military/ systems/ aircraft/ f-22-history.htm"
	}


@misc{ f22_avionics,
	author = "www.f-22raptor.com",
	title = "F-22 Raptor - Avionics",
	howpublished = "http://www.f22fighter.com/avionics.htm"
	}

@article{lyons62,
	author = {R. E. {Lyons} and W. {Vanderkulk}},
	title = "The use of triple-modular redundancy to improve computer reliability",
	howpublished = "www.rtca.org/ ",
	journal = "IBM Research and Development",
	volume = 6,
	pages = "200--209",
	year = "1962",
	moth = "April"
	}

@misc{ DO_178B,
	author = "Radio Technical Commission for Aeronautics",
	title = "RTCS DO-178B Specification",
	howpublished = "www.rtca.org/ "
	}


@article{ dornheim05,
	author = "Michael A Dornheim",
	title = "Isolating Safety",
	year = "2005",
	month = "July",
	issn = "0005-2175",
	pages = "52",
	journal = "Aviation Week and Space Technology"
	}


@misc{ arinc659,
	author = "AERONAUTICAL RADIO INC.",
	title = "ARINC 659 Specification",
	howpublished = "http://www.arinc.com "
	}

@ARTICLE{hoyme93,
   author = {{Hoyme}, K. and {Driscoll}, K.},
    title = "{SAFEbus}",
  journal = {IEEE Aerospace Electronic Systems Magazine},
 keywords = {AVIONICS, CHANNELS (DATA TRANSMISSION), COMMERCIAL AIRCRAFT, SYSTEMS INTEGRATION, BOEING AIRCRAFT, INFORMATION MANAGEMENT},
     year = 1993,
    month = "March",
   volume = 8,
    pages = {34-39},
   adsurl = {adsabs.harvard.edu/ abs/ 1993IAESM...8...34H},
  adsnote = {Provided by the SAO/ NASA Astrophysics Data System}
}


@article{sha01,
 author = {Lui Sha},
 title = {Using Simplicity to Control Complexity},
 journal = {IEEE Softw.},
 volume = {18},
 number = {4},
 year = {2001},
 issn = {0740-7459},
 pages = {20--28},
 doi = {dx.doi.org/ 10.1109/ MS.2001.936213},
 publisher = {IEEE Computer Society Press},
 address = {Los Alamitos, CA, USA},
 }

@inproceedings{avizenis77,
 author = {A. Avizienis and L. Chen},
 title = {On the Implementation of N-Version Programming for Software Fault Tolerance During Program Execution},
 booktitle = {COMPSAC 77},
 year = {1977},
 pages = {149--155}
 }

@ARTICLE{hoyme92,
   author = {{Hoyme}, K. and {Driscoll}, K.},
    title = "{SAFEbus}",
  journal = {IEEE Aerospace Electronic Systems Magazine},
     year = 1993,
    month = "March",
   volume = 8,
    pages = {34-39},
   adsurl = {adsabs.harvard.edu/ abs/ 1993IAESM...8...34H},
  adsnote = {Provided by the SAO/ NASA Astrophysics Data System}
}


@inproceedings{pellizzoni07,
 author = {R. Pellizzoni and M. Caccamo},
 title = "Toward the Predictable Integration of Real-Time {COTS} Based Systems",
 booktitle = {Proc. of the 28th IEEE International Real-Time Systems Symposium},
 year = {2007},
 isbn = {0-7695-3062-1},
 pages = {73--82},
 doi = {dx.doi.org/ 10.1109/ RTSS.2007.51},
 address = {Washington, DC, USA},
 }

@techreport{edwards06,
    Author = {Stephen Edwards and Edward A. Lee},
    Title = {The Case for the Precision Timed (PRET) Machine},
    Institution = {EECS Department, University of California, Berkeley},
    Year = {2006},
    Month = "November",
    URL = {www.eecs.berkeley.edu/ Pubs/ TechRpts/ 2006/ EECS-2006-149.html},
    Number = {UCB/ EECS-2006-149}
}

@article{li97,
author = {Yanbing Li and Wayne Wolf and Miodrag Potkonjak},
title = {Real-Time Operating Systems for Embedded Computing},
journal = {iccd},
volume = {00},
year = {1997},
issn = {1063-6404},
pages = {388},
doi = {doi.ieeecomputersociety.org/ 10.1109/ ICCD.1997.628899},
publisher = {IEEE Computer Society},
address = {Los Alamitos, CA, USA},
}

@article{arbaugh97,
author = {W.A. Arbaugh and D.J. Farber and J.M. Smith},
title = {A secure and reliable bootstrap architecture},
journal = {sp},
volume = {00},
year = {1997},
issn = {1540-7993},
pages = {0065},
doi = {doi.ieeecomputersociety.org/ 10.1109/ SECPRI.1997.601317},
publisher = {IEEE Computer Society},
address = {Los Alamitos, CA, USA},
}

@inproceedings{king06,
 author = {Samuel T. King and Peter M. Chen and Yi-Min Wang and Chad Verbowski and Helen J. Wang and Jacob R. Lorch},
 title = {SubVirt: Implementing malware with virtual machines},
 booktitle = {SP '06: Proceedings of the 2006 IEEE Symposium on Security and Privacy},
 year = {2006},
 isbn = {0-7695-2574-1},
 pages = {314--327},
 doi = {dx.doi.org/ 10.1109/ SP.2006.38},
 publisher = {IEEE Computer Society},
 address = {Washington, DC, USA},
 }

@inproceedings{sha98,
author = "Lui Sha",
 title = {Dependable System Upgrade},
 booktitle = {RTSS '98: Proceedings of the IEEE Real-Time Systems Symposium},
 year = {1998},
 isbn = {0-8186-9212-X},
 pages = {440},
 publisher = {IEEE Computer Society},
 address = {Washington, DC, USA},
}
 
@inproceedings{ sha96,
author = "Lui Sha and R. Rajkumar and M. Gagliardi",
title = "Evolving Dependable Real-Time Systems",
booktitle = "1996 {IEEE} Aerospace Applications Conference. Proceedings",
month = "3--10",
publisher = "IEEE New York, NY, USA",
address = "Aspen, CO",
pages = "335--46",
year = "1996",
url = "citeseer.ist.psu.edu/ sha95evolving.html" }

@article{brilliant90,
 author = {Susan S. Brilliant and John C. Knight and Nancy G. Leveson},
 title = {Analysis of Faults in an N-Version Software Experiment},
 journal = {IEEE Trans. Softw. Eng.},
 volume = {16},
 number = {2},
 year = {1990},
 issn = {0098-5589},
 pages = {238--247},
 doi = {dx.doi.org/ 10.1109/ 32.44387},
 publisher = {IEEE Press},
 address = {Piscataway, NJ, USA},
 }
 
 @article{ knight86,
    author = "John C. Knight and Nancy G. Leveson",
    title = "An Experimental Evaluation of the Assumption of Independence in Multiversion Programming",
    journal = "Software Engineering",
    volume = "12",
    number = "1",
    pages = "96-109",
    year = "1986",
    url = "citeseer.ist.psu.edu/ knight86experimental.html" 
	}
	
@misc{ pacemaker_challenge,
	title = "Pacemaker Formal Methods Challenge",
	year = "2008",
	month = "February",
	howpublished = "sqrl.mcmaster.ca/ pacemaker.htm"
	}
  
  @article{ fpga_satelite,
	author = {K. Morris},
	title = {FPGAs in Space},
	journal = {FPGA and Programmable Logic Journal},
	year = {2004},
	month = {August} }
	
	
	@misc{ f22bug,
	author = "Brandon Hill",
	title = "Lockheed's F-22 Raptor Gets Zapped by International Date Line",
	year = "2007",
	month = "February",
	howpublished = "http://www.dailytech.com/article.aspx?newsid=6225"
	}
	
	@misc{ efsm,
	author = "Javvin",
	year = "2008",
	title="EFSM: Extended finite State Machine Model",	
	howpublished = "http://www.javvin.com/softwareglossary/EFSM.html"
	}
	
	@misc {ms_embedded_goals,
	author = "Microsoft",
	title = "Embedded System - Home",
	year = "2008",
	howpublished = "http://research.microsoft.com/research/EmbeddedSystems/"
	}
	
	@misc { verisoft,
	author="Thomas In der Rieden",
	title="Verisoft",
	year="2008",
	howpublished = "http://www.verisoft.de"
	}
	
	@misc { uppaal,
	author="Aalborg University and Uppsala University",
	title="UPPAAL - A Tool Suite for Verification of Real-Time Systems",
	year="2008",
	howpublished = "http://www.uppaal.com"
	}
	
	@article{triple_triple,
	title={Triple-triple redundant 777 primary flight computer},
	author={Yeh, Y.C.},
	journal={Aerospace Applications Conference, 1996. Proceedings., 1996 IEEE},
	year={1996},
	month={Feb},
	volume={1},
	pages={293-307 vol.1},
	doi={10.1109/AERO.1996.495891}
	}

@misc{Messner_1997rt,
	Author = {Bill Messner and Dawn Tilbury},
	Date-Added = {2008-10-13 06:51:56 -0500},
	Date-Modified = {2008-10-13 06:55:11 -0500},
	Howpublished = {http://www.engin.umich.edu/group/ctm/examples/pend/invpen.html},
	Month = {August},
	Title = {Control Tutorials for Matlab},
	Year = {1997}}

@inproceedings{Endsley_2004vn,
	Author = {E.W. Endsley and D.M. Tilbury},
	Booktitle = {43rd IEEE Conference on Decision and Control},
	Date-Added = {2008-10-13 06:22:37 -0500},
	Date-Modified = {2008-10-13 06:37:34 -0500},
	Pages = {972-979},
	Title = {Modular verification of modular finite state machines},
	Volume = {1},
	Year = {2004}}
	
	@misc{osate,
		author="CMU Software Engineering Institute",
		title="An Extensible Open Source AADL Tool Environment (OSATE)",
		year="2006",
		howpublished="la.sei.cmu.edu/ aadl/ downloads/ osate13/ AADLToolUserGuide1.3.0%202006-06-02.pdf"
	}
	
	@misc{can_bus,
		author="International Organization for Standardization",
		title="Controller area network (CAN)",
		howpublished="ISO 11898-1:2003",
		year="2003"
		}
		
	@misc{ssfnet,
		author="SSF Research Network",
		howpublished="www.ssfnet.org/ homePage.html",
		title="Scalable Simulation Framework",
		year="2002"
		}

	@misc{ns2,
		author="Information Sciences Institute",
		title="The Network Simulator - ns-2",
		howpublished="www.isi.edu/ nsnam/ ns/",
		year="2008"
		}
		
	@misc{tiers,
		author="Information Sciences Institute",
		title="The Network Simulator ns-2: Topology Generation",
		howpublished="www.isi.edu/ nsnam/ ns/ ns-topogen.html",
		year="2008"
		}
		
	@misc{ml505,
		author="Xilinx",
		title="{Virtex-5 LXT FPGA ML505 Evaluation Platform}",
		howpublished="http://www.xilinx.com/products/devkits/HW-V5-ML505-UNI-G.htm",
		year="2008"
		}
		
	@article{aadl_good,
	Author = {P. Feiler and B. Lewis and S. Vestal},
	Title = {The SAE Architecture Analysis \& Design Language (AADL) A Standard for Engineering Performance Critical Systems},
	Month = {October},
	Year = {2006},
	journal={In Proceedings of the 2006 IEEE Conference on Computer Aided Control Systems Design}
	}
	

@techreport{sprunt89,
	author = {B. Sprunt and J.P. Lehoczky and L. Sha},
	title = {Scheduling Sporadic and Aperiodic Events in a Hard Real-Time System},
	institution = {CMU}, 
	year = {1989}
}

@misc{ pci_spec,
	title="Conventional PCI 3.0, PCI-X 2.0 and PCI-E 2.0 Specifications",
	author="PCISIG",
	year="2009",
	howpublished="http://www.pcisig.com"
	}

@misc{ pavehawk,
	title="HH-60G Pave Hawk",
	author="John Pike",
	year="2009",
	howpublished="www.globalsecurity.org/ military/ systems/ aircraft/ hh-60g.htm"
	}

@INPROCEEDINGS{hdvideo,
title={A performance characterization of high definition digital video decoding using H.264/AVC},
author={Alvarez, M. and Salami, E. and Ramirez, A. and Valero, M.},
booktitle={Proc. of the IEEE International Workload Characterization Symposium},
year={2005},
month={Oct}}

@INPROCEEDINGS{pellizzoni08_hwmonitoring,
title="Hardware Runtime Monitoring for Dependable {COTS}-Based Real-Time Embedded Systems",
author={Pellizzoni, R. and Meredith, P. and Caccamo, M. and Rosu, G.},
booktitle={Real-Time Systems Symposium, 2008},
year={2008},
month={30 2008-Dec. 3},
volume={},
number={},
pages={481-491},
ISSN={1052-8725}, }


@INPROCEEDINGS{pellizzoni08_coscheduling_iocpu,
title={Coscheduling of {CPU} and {I/O} Transactions in {COTS}-Based Embedded Systems},
author={Pellizzoni, R. and Bui, B.D. and Caccamo, M. and Lui Sha},
booktitle={Real-Time Systems Symposium, 2008},
year={2008},
month={30 2008-Dec. 3},
volume={},
number={},
pages={221-231},
keywords={embedded systems, peripheral interfaces, scheduling, software packagesCOTS peripherals, COTS-based embedded systems, CPU, I/O traffic, I/O transactions, PCI peripherals, coscheduling algorithm, real-time systems},
doi={10.1109/RTSS.2008.42},
ISSN={1052-8725}, }

@INPROCEEDINGS{buttazzo94,
title={Efficient aperiodic service under earliest deadline scheduling},
author={Spuri, M. and Buttazzo, G.C.},
booktitle={Real-Time Systems Symposium, 1994., Proceedings.},
year={1994},
month={Dec},
volume={},
number={},
pages={2-11},
keywords={ processor scheduling, real-time systems aperiodic responsiveness, earliest deadline first algorithm, earliest deadline scheduling, efficient aperiodic service, hard periodic tasks, implementation complexity, on-line algorithms, processor utilization, real-time systems, run-time overhead, schedulability analysis, soft aperiodic requests},
doi={10.1109/REAL.1994.342735},
ISSN={}, }

@INPROCEEDINGS{buttazzo98,
title={Integrating multimedia applications in hard real-time systems},
author={Abeni, L. and Buttazzo, G.},
booktitle={Real-Time Systems Symposium, 1998. Proceedings., The 19th IEEE},
year={1998},
month={Dec},
volume={},
number={},
pages={4-13},
keywords={digital simulation, multimedia systems, real-time systemsHARTIK kernel, hard real-time systems, hard real-time tasks, minimum interarrival times, multimedia applications integration, multimedia soft real-time tasks, run-time support, server-based mechanism, service mechanisms, simulation experiments, worst case execution times},
doi={10.1109/REAL.1998.739726},
ISSN={}, }

@INPROCEEDINGS{spuri94,
title={Efficient aperiodic service under earliest deadline scheduling},
author={Spuri, M. and Buttazzo, G.C.},
booktitle={Real-Time Systems Symposium, 1994., Proceedings.},
year={1994},
month={Dec},
volume={},
number={},
pages={2-11},
keywords={ processor scheduling, real-time systems aperiodic responsiveness, earliest deadline first algorithm, earliest deadline scheduling, efficient aperiodic service, hard periodic tasks, implementation complexity, on-line algorithms, processor utilization, real-time systems, run-time overhead, schedulability analysis, soft aperiodic requests},
doi={10.1109/REAL.1994.342735},
ISSN={}, }




@misc{ ml455,
	title="ML455",
	author="Xilinx",
	year="2009",
	howpublished="http://www.xilinx.com/support/documentation/ml455.htm"
	}

@misc{ microblaze,
	title="MicroBlaze Soft Processor Core",
	author="Xilinx",
	year="2009",
	howpublished="http://www.xilinx.com/tools/microblaze.htm"
	}

@article{crenshaw07_ri_edf,
 author = {Crenshaw, Tanya L. and Hoke, Spencer and Tirumala, Ajay and Caccamo, Marco},
 title = {Robust implicit EDF: A wireless MAC protocol for collaborative real-time systems},
 journal = {ACM Trans. Embed. Comput. Syst.},
 volume = {6},
 number = {4},
 year = {2007},
 issn = {1539-9087},
 pages = {28},
 doi = {http://doi.acm.org/10.1145/1274858.1274866},
 publisher = {ACM},
 address = {New York, NY, USA},
 }


@INPROCEEDINGS{caccamo02,
title={An implicit prioritized access protocol for wireless sensor networks},
author={Caccamo, M. and Zhang, L.Y. and Lui Sha and Buttazzo, G.},
journal={Real-Time Systems Symposium, 2002. RTSS 2002. 23rd IEEE},
year={2002},
month={},
volume={},
number={},
pages={ 39-48},
keywords={ access protocols, cellular radio, sensors, ubiquitous computing actuators, cost constraints, earliest deadline first, implicit prioritized access protocol, medium access control protocol, network architecture, pervasive computing, sensors, wireless sensor networks},
doi={10.1109/REAL.2002.1181560},
ISSN={1052-8725 }, }


@misc{ temac_performance,
	title="Measuring Treck TCP/IP Performance Using the XPS LocalLink TEMAC in an Embedded Processor System",
	author="Doug Gibbs",
	year="2008",
	howpublished="http://www.xilinx.com/support/documentation/application\_notes/xapp1043.pdf"
	}

@misc{ml555,
		author="Xilinx",
		title="{Virtex-5 LXT ML555 FPGA Development Kit for PCI Express, PCI-X, and PCI Interfaces}",
		howpublished="http://www.xilinx.com/products/devkits/HW-V5-ML555-G.htm",
		year="2009"
		}

@InProceedings{Sch08,
  author =   {S. Schliecker and M. Negrean and G. Nicolescu and P. Paulin and R. Ernst},
title =    {Reliable performance analysis of a multicore multithreaded system-on-chip},
  booktitle = {Proceedings of the 6th CODES+ISSS},
  year =     {2008},
  month = {Oct}
}

@inproceedings{bak_simplex09,
 author = {Bak, Stanley and Chivukula, Deepti K. and Adekunle, Olugbemiga and Sun, Mu and Caccamo, Marco and Sha, Lui},
 title = {The {System-Level Simplex Architecture} for Improved Real-Time Embedded System Safety},
 booktitle = {15th IEEE Real-Time and Embedded Technology and Applications Symposium (RTAS '09)},
 }

@misc{smv,
		author="Carnegie Mellon University",
		title="{Symbolic Model Verifier}",
		howpublished="http://www.cs.cmu.edu/~modelcheck/smv.html",
		year="2009"
		}

@book{spin,
    author = {Holzmann, Gerard J.},
    howpublished = {Hardcover},
    isbn = {0321228626},
    keywords = {checking, model},
    month = {September},
    posted-at = {2006-06-08 00:32:12},
    priority = {2},
    publisher = {{Addison-Wesley Professional}},
    title = {The SPIN Model Checker : Primer and Reference Manual},
    url = {http://www.amazon.com/exec/obidos/redirect?tag=citeulike07-20&path=ASIN/0321228626},
    year = {2003}
}

@inproceedings{stormed,
 author = {Vladimerou, Vladimeros and Prabhakar, Pavithra and Viswanathan, Mahesh and Dullerud, Geir},
 title = {STORMED Hybrid Systems},
 booktitle = {ICALP '08: Proceedings of the 35th international colloquium on Automata, Languages and Programming, Part II},
 year = {2008},
 isbn = {978-3-540-70582-6},
 pages = {136--147},
 location = {Reykjavik, Iceland},
 publisher = {Springer-Verlag},
 address = {Berlin, Heidelberg},
 }

@misc{do178b,
		author="Federal Aviation Administration",
		title="Software Considerations in Airborne Systems and Equipment Certification",
		howpublished="RTCA/DO-178B",
		year="1992"
		}

@INPROCEEDINGS{Ferreira99switchingcontrollers,
    author = {Enrique D. Ferreira and Bruce H. Krogh},
    title = {Switching Controllers Based on Neural Network Estimates of Stability Regions and Controller Performance},
    booktitle = {LNCS, Special Issue: Hybrid Systems VI},
    year = {1999},
    publisher = {Springer Verlag}
}

@misc{vmaude,
		author="Stanley Bak",
		title="Verifiable {VHDL} Generation with {VMaude}",
		url = {\url{http://stanleybak.com/vmaude/vmaude.html}},
		year="2009"
}

@misc{bak_msthesis09,
    author = "Stanley Bak",
    title = "Industrial Application of the {System-Level Simplex Architecture} for Real-Time Embedded System Safety",
    howpublished = "Master's Thesis, University of Illinois at Urbana-Champaign",
    year = "2009",
}

@misc{deere_baler_automation,
		author="John Deere",
		title="Tractor Baler Automation",
		url="http://www.deere.com/wps/dcom/en%5FINT/products/equipment/agricultural%5Fmanagement%5Fsolutions/automation/tractor%5Fbaler%5Fautomation/tractor%5Fbaler%5Fautomation.page",
		year="2011"
}

@MISC{weighted_schedulability,
    author = {Andrea Bastoni and Bjorn B. Brandenburg and James H. Anderson},
    title = {Cache-Related Preemption and Migration Delays: Empirical Approximation and Impact on Schedulability },
    year = {}
}

@MASTERSTHESIS{ronatos_thesis,
Author = {Renato Mancuso},
Title = {{E}vitare i conflitti di accesso alla memoria in sistemi hard real-time multi-core},
School = {{U}niversity of {R}ome \'{T}or {V}ergata\'},
Year = {2012},
Type = {{M}aster's Thesis in Computer Engineering},
}

@article{cache_color,
 author = {Wolfe, Andrew},
 title = {Software-based cache partitioning for real-time applications},
 journal = {J. Comput. Softw. Eng.},
 issue_date = {1994},
 volume = {2},
 number = {3},
 month = mar,
 year = {1994},
 issn = {1069-5451},
 pages = {315--327},
 numpages = {13},
 url = {http://dl.acm.org/citation.cfm?id=200781.200792},
 acmid = {200792},
 publisher = {Ablex Publishing Corp.},
 address = {Norwood, NJ, USA},
 keywords = {cache partitioning, embedded systems, microprocessor memory systems, real-time systems, runtime predictability, software engineering, virtual memory, worst-case performance},
} 

@article{bini05,
 author = {Bini, Enrico and Buttazzo, Giorgio C.},
 title = {Measuring the Performance of Schedulability Tests},
 journal = {Real-Time Syst.},
 issue_date = {May       2005},
 volume = {30},
 number = {1-2},
 month = may,
 year = {2005},
 issn = {0922-6443},
 pages = {129--154},
 numpages = {26},
 acmid = {1063939},
 publisher = {Kluwer Academic Publishers},
 address = {Norwell, MA, USA},
 keywords = {EDF: Earliest Deadline First, FP: Fixed Priorities, HB: Hyperbolic Bound, RM: Rate Monotonic},
} 

@inproceedings{Pellizzoni_DATE2010,
 author = {Pellizzoni, Rodolfo and Schranzhofer, Andreas and Chen, Jian-Jia and Caccamo, Marco and Thiele, Lothar},
 title = {Worst case delay analysis for memory interference in multicore systems},
 booktitle = {Proceedings of the Conference on Design, Automation and Test in Europe},
 series = {DATE '10},
 year = {2010},
 isbn = {978-3-9810801-6-2},
 location = {Dresden, Germany},
 pages = {741--746},
 numpages = {6},
 acmid = {1871105},
} 

@inproceedings{liedtke_cache_color,
       Author = {Liedtke, J. and H\"{a}rtig, H. and Hohmuth, M.},
       Booktitle = {Proceedings of the 3rd IEEE Real-Time Technology and Applications Symposium},
       Pages = {213--224},
       Title = {{OS}-controlled cache predictability for real-time systems},
       Year = {1997},
}

@ARTICLE{netsimplex, 
author={Yao, J. and Liu, X. and Zhu, G. and Sha, L.}, 
journal={Industrial Informatics, IEEE Transactions on}, title={NetSimplex: Controller Fault Tolerance Architecture in Networked Control Systems}, 
year={2012}, 
month={ }, 
volume={PP}, 
number={99}, 
pages={1}, 
keywords={}, 
doi={10.1109/TII.2012.2219060}, 
ISSN={1551-3203},}

 @inproceedings{wireless_hart,
 author = {Song, Jianping and Han, Song and Mok, Al and Chen, Deji and Lucas, Mike and Nixon, Mark and Pratt, Wally},
 title = {WirelessHART: Applying Wireless Technology in Real-Time Industrial Process Control},
 booktitle = {RTAS '08: Proceedings of the 2008 IEEE Real-Time and Embedded Technology and Applications Symposium},
 year = {2008},
 isbn = {978-0-7695-3146-5},
 pages = {377--386},
 doi = {http://dx.doi.org/10.1109/RTAS.2008.15},
 publisher = {IEEE Computer Society},
 address = {Washington, DC, USA},
 }
  
@article{wireless_control_network,
  author    = {Miroslav Pajic and
               Shreyas Sundaram and
               George J. Pappas and
               Rahul Mangharam},
  title     = {The Wireless Control Network: A New Approach for Control
               Over Networks},
  journal   = {IEEE Trans. Automat. Contr.},
  volume    = {56},
  number    = {10},
  year      = {2011},
  pages     = {2305-2318},
  ee        = {http://dx.doi.org/10.1109/TAC.2011.2163864},
  bibsource = {DBLP, http://dblp.uni-trier.de}
}

@inproceedings{medical_nass,
 author = {Kim, Cheolgi and Sun, Mu and Mohan, Sibin and Yun, Heechul and Sha, Lui and Abdelzaher, Tarek F.},
 title = {A framework for the safe interoperability of medical devices in the presence of network failures},
 booktitle = {Proceedings of the 1st ACM/IEEE International Conference on Cyber-Physical Systems},
 series = {ICCPS '10},
 year = {2010},
 isbn = {978-1-4503-0066-7},
 location = {Stockholm, Sweden},
 pages = {149--158},
 numpages = {10},
 doi = {10.1145/1795194.1795215},
 acmid = {1795215},
 publisher = {ACM},
 address = {New York, NY, USA},
} 


@article{time_bounded_reach,
 author = {Bu, Lei and Wang, Qixin and Chen, Xin and Wang, Linzhang and Zhang, Tian and Zhao, Jianhua and Li, Xuandong},
 title = {Toward online hybrid systems model checking of cyber-physical systems' time-bounded short-run behavior},
 journal = {SIGBED Rev.},
 year = {2011},
 numpages = {4},
 doi = {10.1145/2000367.2000368},
 acmid = {2000368},
 publisher = {ACM},
 address = {New York, NY, USA},
} 

@phdthesis{Mitra07PhD,
  author = {Sayan Mitra},
  title = {A Verification Framework for Hybrid Systems},
  school = {Massachusetts Institute of Technology},
  year = {2007},
}

@book{timed_io,
 author = {Kaynar, Dilsun K. and Lynch, Nancy and Segala, Roberto and Vaandrager, Frits},
 title = {The Theory of Timed {I/O} Automata (Synthesis Lectures in Computer Science)},
 year = {2006},
 isbn = {159829010X},
 publisher = {Morgan \& Claypool Publishers},
} 


@article{Pel10trans,
 author = {R. Pellizzoni and M. Caccamo},
 title = {Impact of Peripheral-Processor Interference on WCET Analysis of Real-Time Embedded Systems},
 journal = {IEEE Trans. on Computers},
 volume = {59},
 number = {3},
 year = {2010},
 month = {Mar},
 pages = {400--415},
 }

@article {RTSJ_prem,
   author = {Yao, Gang and Pellizzoni, Rodolfo and Bak, Stanley and Betti, Emiliano and Caccamo, Marco},
   affiliation = {University of Illinois at Urbana-Champaign, Urbana, USA},
   title = {Memory-centric scheduling for multicore hard real-time systems},
   journal = {Real-Time Systems},
   publisher = {Springer Netherlands},
   issn = {0922-6443},
   keyword = {Computer Science},
   pages = {1-35},
   year = {2012},
}



